2062 3314
258 238 328 276 724
1022 246 1173 275 chns
1675 236 1946 287 Pheyopeeris.

324 324 359 364 1.
388 320 487 365 Ph.
515 318 967 376 polypodtoides
999 321 1104 376 (Fee
1127 323 1205 365 loc.
1231 319 1322 374 cit.)
1340 320 1575 363 rhizomate
1603 322 1724 364 tenui
1747 327 1948 376 repente,

262 380 413 423 fronde
451 380 610 435 petiolo
640 381 691 422 ea
725 379 916 433 longiore
953 391 1082 435 parce
1122 381 1321 434 paleaceo
1354 378 1536 422 suffulta
1564 380 1729 424 ambitu
1758 381 1951 436 triangu-

263 441 489 483 lari-ovata
517 440 641 492 longe
684 439 928 482 acuminata
955 440 1162 494 utrinque
1196 438 1463 495 pubescente
1493 438 1779 492 pinnatisecta
1808 441 1955 494 plnnis

260 497 713 551 oblongo-lanceolatis
754 498 1010 541 acuminatis
1044 498 1097 539 ab
1127 499 1289 541 infimis
1312 496 1582 540 'subdetlexis
1609 498 1661 540 ad
1698 500 1953 552 superiores

261 557 425 600 sensim
455 557 682 599 diminutis
711 556 980 610 pinnatitidis
1005 557 1197 610 pinnulis
1220 555 1416 609 oblongis
1443 555 1613 600 obtusis
1646 557 1839 600 obsolete
1862 570 1956 602 cre-

262 616 442 668 nulatis,
487 615 601 659 soris
641 615 695 656 ad
738 627 951 658 venarum
980 616 1298 659 extremitatem
1323 626 1458 670 prope
1492 616 1730 667 marginem
1755 616 1956 670 pinnula-

264 687 359 718 rum
398 674 572 718 seriatis
620 680 682 722 26.
711 673 1001 727 Polypodium
1037 674 1321 727 Pheyopteris
1360 672 1403 715 L.
1444 672 1520 729 Sp.
1560 675 1683 717 1550.
1707 698 1765 706 —
1791 675 1850 718 Ic.
1889 677 1955 719 Fl.

264 734 370 777 Dan.
396 732 525 776 1240.

308 805 410 842 Hah
431 806 472 841 in
493 805 743 852 rupestribus
757 805 954 841 umbrosis
969 806 1141 851 regionis
1162 805 1319 852 alpinae,
1334 806 1490 842 Pontus
1507 805 1672 842 Lazicus
1685 817 1803 854 supra
1817 807 1956 854 Djimil

262 853 365 890 7500’
384 852 477 897 (Bal
491 854 531 899 l),
550 854 645 889 Asia
670 854 801 888 minor
817 855 855 889 et
872 853 1074 889 Caucasus
1095 856 1158 897 (ex
1175 853 1326 898 Milde).

309 919 360 954 Ar
384 917 516 963 Geogr
536 918 694 964 Europa
707 917 878 953 borealis
898 919 936 953 et
955 918 1085 953 media
1104 917 1154 953 ad
1174 917 1327 954 Italiam
1346 917 1560 964 borealem
1589 919 1788 965 regionem
1821 919 1958 956 Danu·

264 965 627 1009 bialen1‚Bosniam
645 975 785 1011 usque,
806 964 962 1010 Sibir1a,
980 965 1164 1000 Ameriea
1183 965 1364 1001 borealis.

323 1067 362 1106 Ξ.
395 1063 495 1108 Ph.
533 1064 885 1120 Dryopteris
928 1063 995 1119 (L.
1036 1063 1110 1117 Sp.
1155 1065 1265 1106 1555
1296 1064 1378 1107 sub
1419 1063 1680 1121 Polypodio)
1719 1065 1956 1109 rllizomate

267 1123 384 1166 tenui
411 1128 605 1177 repente,
627 1123 855 1166 frondibus
877 1123 1204 1166 horizontaliter
1236 1123 1454 1166 inclinatis
1482 1123 1647 1176 glabris
1681 1125 1839 1178 petiolo
1870 1126 1962 1178 gla-

267 1183 344 1225 bro
373 1182 497 1236 longo
522 1182 714 1224 suffultis
741 1182 905 1224 ambitu
937 1182 1378 1235 subaequilateraliter
1405 1182 1746 1235 triangularibus
1770 1187 1960 1227 ternato-

266 1240 607 1295 bipinnatisectis
632 1241 775 1294 pinnis
818 1241 979 1283 infimis
1020 1241 1362 1295 pinnatipartitis
1388 1242 1583 1297 pinnulis
1606 1241 1802 1296 oblongis
1829 1243 1957 1285 obtu-

267 1301 328 1342 sis
383 1300 581 1354 integris,
634 1300 747 1341 soris
805 1299 856 1342 ad
912 1311 1120 1342 venarum
1169 1301 1489 1344 extremitatem
1536 1313 1672 1354 prope
1722 1302 1961 1355 marginem

270 1358 549 1424 pinnularum
576 1358 750 1402 seriatis
779 1358 1008 1412 disjunctis
1042 1359 1103 1405 Qt.
1121 1358 1326 1412 Pleegyopt.
1347 1359 1597 1411 dryopteris
1623 1359 1704 1403 Fee
1728 1361 1804 1403 loc.
1829 1361 1898 1404 cit.

312 1433 414 1469 Hah.
451 1434 489 1469 in
519 1433 672 1469 saxosis
702 1433 901 1469 umbrosis
929 1433 1102 1478 regionis
1130 1434 1350 1480 subalpinae
1376 1437 1413 1469 et
1447 1433 1605 1480 alpinae,
1632 1444 1747 1470 mons
1780 1435 1961 1471 Peristeri

266 1481 507 1517 Macedoniae
523 1480 627 1517 6500’
646 1481 745 1527 (Orp
749 1480 830 1526 ht),
857 1480 1006 1516 Pontus
1038 1481 1205 1517 Lazieus
1238 1483 1279 1516 in
1315 1480 1429 1527 sylva
1458 1482 1595 1517 Abetis
1620 1482 1827 1518 orientalis
1858 1481 1960 1518 intra

266 1528 502 1564 Khabackar
518 1528 623 1565 5700’
640 1491 745 1573 (Bal
742 1529 779 1573 ¹)
798 1528 894 1563 Asia
913 1528 1040 1564 minor
1063 1529 1127 1571 (ex
1147 1527 1295 1574 Milde).

312 1594 375 1629 Ar.
397 1593 523 1630 Geor..
544 1594 700 1639 Europa
722 1592 892 1629 borealis
910 1595 947 1628 et
965 1593 1093 1629 media
1114 1593 1164 1628 ad
1185 1593 1338 1629 Italiam
1359 1593 1528 1629 mediam
1549 1596 1587 1629 et
1604 1594 1804 1639 regionem
1823 1595 1963 1631 Danu-

264 1640 409 1677 bialem
428 1651 566 1688 usque,
586 1641 743 1686 Sibiria,
757 1640 937 1687 Japonia‚
959 1641 1065 1686 regio
1086 1640 1316 1687 Himalaiea,
1335 1641 1515 1677 Amerina
1535 1641 1718 1677 borealis.

327 1745 365 1786 3.
392 1742 495 1786 Ph.
521 1743 885 1787 Robertiana
906 1743 1308 1794 (Hoffm.Deutseh.
1336 1743 1397 1786 Fl.
1421 1742 1695 1797 Crypt.Add.
1723 1756 1764 1796 p.
1783 1742 1854 1797 IV,
1878 1742 1964 1786 sub

270 1802 531 1858 Polypoclz‘o)
570 1802 806 1846 rhizomate
853 1803 1053 1856 elongato
1101 1806 1297 1855 repente,
1341 1802 1570 1845 frondibus
1619 1803 1748 1845 rectis
1805 1802 1965 1856 petiolo

268 1864 392 1916 longo
415 1862 610 1904 suffultis
632 1860 1252 1915 glanduloso-pubescentibus
1294 1861 1456 1905 ambitu
1484 1861 1961 1914 deltoideo-triangula-

267 1921 389 1963 ribus
430 1921 967 1974 ternato-bipinnatiseetis
1003 1920 1147 1973 pinnis
1186 1921 1348 1963 intimis
1390 1921 1732 1974 pinnatipartitis
1769 1919 1960 1974 pinnulis

266 1980 465 2034 oblongis
487 1979 655 2022 obtusis
683 1980 864 2033 integris
888 1980 953 2022 vel
982 1979 1266 2022 inferioribus
1297 1980 1501 2029 erenatis‚
1536 1979 1650 2022 soris
1673 1979 1725 2020 ad
1752 1990 1964 2022 venarum

267 2040 585 2082 extremitatem
620 2051 757 2093 prope
800 2039 1038 2091 marginem
1085 2039 1364 2092 pinnularum
1409 2038 1584 2081 seriatis
1636 2038 1823 2091 denique
1867 2049 1961 2080 eon-

267 2098 503 2141 fluentibus
537 2104 596 2145 Qfi.
614 2097 691 2140 ΡΙι.
719 2096 986 2139 Robertiana
1005 2097 1055 2138 R.
1090 2097 1159 2140 ΒΓ.
1188 2122 1240 2127 —-
1267 2097 1555 2150 Polypode'um
1586 2096 1835 2139 calcareum
1871 2095 1959 2139 Sm.

269 2158 375 2199 Brit.
402 2170 443 2211 p.
476 2158 598 2199 1117.

314 2233 415 2268 Hab.
442 2234 481 2269 in
509 2233 702 2280 lapidosis
729 2233 927 2268 umbrosis
958 2235 996 2269 et
1027 2235 1151 2280 siccis,
1184 2233 1376 2279 Olympus
1407 2232 1626 2269 Thessaliae
1650 2232 1754 2269 5500’
1789 2231 1965 2279 (Orphl)‚

268 2281 479 2327 Affghania
499 2281 548 2316 ad
567 2280 760 2316 Chendtoi
781 2280 961 2325 (Alto-ht).

313 2347 376 2381 Ar.
401 2346 534 2390 Geoqr.
553 2345 709 2392 Europa
728 2345 900 2382 borealis
919 2347 957 2380 et
981 2345 1112 2381 media
1133 2345 1182 2380 ad
1202 2344 1354 2381 Italiam
1381 2344 1563 2390 mediani,
1588 2343 1840 2385 Dalmatiam,
1867 2343 1965 2379 Ros·

268 2394 369 2428 siam
390 2393 559 2428 mediam
581 2403 719 2439 uspue.

329 2549 485 2592 Suara.
514 2549 568 2591 Il.
589 2549 779 2593 VELATAE
805 2550 938 2592 Koch.
966 2573 1020 2580 -
1045 2549 1139 2592 Sori
1166 2549 1360 2601 margine
1383 2547 1548 2591 reflexo
1572 2547 1906 2590 membranaceo

456 2610 688 2663 pinnarum
714 2609 937 2651 indusium
958 2621 1110 2651 verum
1131 2609 1365 2661 supplente
1394 2608 1493 2661 plus
1517 2607 1661 2649 minus
1688 2607 1799 2650 teeti.

626 2783 976 2833 morocntAENA
1012 2784 1081 2844 (R.
1122 2783 1192 2831 ar.
1230 2782 1390 2840 prodr„
1428 2796 1468 2844 p.
1505 2781 1622 2844 1⁴6).

331 2920 426 2964 Sori
465 2921 724 2975 marginales
753 2920 1229 2975 oblongo-orbiculares
1272 2920 1314 2961 in
1355 2919 1509 2961 lineam
1555 2917 1832 2972 marginalem
1875 2927 1958 2959 non

272 2980 538 3022 indusiatam
564 2980 640 3022 sed
660 2991 777 3032 saepe
801 2980 994 3032 margine
1019 2978 1408 3042 frondisquevoluto
1437 2990 1514 3031 pro
1540 2981 1663 3031 parte
1690 2980 1842 3020 tectam
1878 2976 1964 3018 cito
