2089 3246
111 171 266 209 Ltlium.
860 181 1060 208 L1L1ACEAE
1754 176 1825 211 173

109 255 263 298 stricto
279 253 391 296 elato
411 251 678 307 polyphyll0‚
699 252 814 296 soliis
830 255 999 308 sparsis
1021 254 1073 297 ab
1097 254 1378 297 inferioribus
1403 258 1824 311 erecto-patentibus

114 313 248 367 magis
285 312 599 366 approximatis
630 311 940 355 oblanceolatis
974 314 1198 357 undulatis
1240 314 1557 358 obtusiusculis
1596 316 1648 358 ad
1695 329 1825 371 supe-

110 373 230 417 riOra
273 371 482 425 adpressa
539 371 771 414 lanceolata
808 376 933 415 acuta
969 373 1236 415 abbreviatis
1271 378 1314 416 ct
1355 374 1615 427 angustalis,
1653 388 1823 418 racemo

112 431 309 475 breviter
339 429 606 484 thyrsoide0‚
648 430 869 483 pedicellis
910 433 1066 474 erectis
1104 433 1225 486 apice
1262 433 1440 475 cernuis
1469 433 1559 475 basi
1591 434 1825 478 bracteatis

115 490 336 534 interdum
375 489 669 540 bracteolalis,
708 490 932 544 perigenio
965 491 1062 534 albo
1102 492 1372 534 suaveolenti
1411 492 1495 534 late
1539 492 1825 537 infundibuli·

113 549 240 592 sormi
279 548 439 602 phyllis
471 548 779 591 oblanceolatis
816 549 908 591 basi
932 550 974 592 in
1000 563 1190 602 unguem
1230 551 1467 593 attenuatis
1507 552 1667 595 triente
1693 566 1825 607 supe-

113 608 233 652 riore
261 608 425 651 falcatis
452 607 621 650 obtusis
641 608 761 661 apice
781 608 1025 662 puberulis‚
1050 610 1247 651 antheris
1272 621 1376 652 cum
1401 611 1562 665 polline
1592 611 1719 654 ssavis
1758 619 1820 659 26.

116 667 171 710 Ic.
200 667 310 709 Red.
331 665 409 708 Lil.
434 667 518 709 tab.
548 666 644 708 199.
664 691 718 696 —
742 665 874 709 Rchb.
899 667 955 710 Ic.
979 667 1124 713 Germ.
1150 669 1233 710 tab.
1259 669 1358 711 445.
1378 694 1428 699 —
1458 669 1600 713 Elwes
1626 672 1737 714 Mon.
1764 671 1826 714 Ic.

161 741 262 777 Hah.
283 741 322 776 in
341 742 499 786 regione
518 742 704 776 montana
722 742 842 776 variis
861 740 955 777 locis
977 742 1044 778 sed
1065 743 1213 789 ubique
1236 743 1384 778 cultum
1405 746 1442 779 et
1469 744 1547 780 fere
1569 755 1646 781 non
1667 755 1824 792 semper

108 790 386 836 spontaneum,
417 788 579 823 Groeciae
609 787 728 823 vallis
771 788 921 834 Tempe
966 789 1182 831 (Hawkins
1228 801 1276 825 ex
1321 791 1478 836 sima),
1521 791 1820 839 Peloponnesus

108 836 272 881 ι(Βοι-Υ),
322 846 412 881 ager
448 836 692 881 Byzantinus
727 835 913 882 (Rei-gg.)
950 836 1260 872 Transcaucasia
1295 837 1488 883 (Ledeia),
1521 839 1721 874 I’alestina
1759 843 1824 881 (ex

111 883 277 927 Kunth).
298 883 440 918 Habeo
458 893 476 917 s
491 884 658 918 Jecimen
679 884 722 918 ut
744 883 900 918 videtur
916 885 1079 920 omnino
1101 888 1364 930 spontaneum
1387 886 1423 920 in
1445 887 1689 933 rupestribus
1706 888 1822 923 ditio-

113 930 176 966 nis
206 930 411 966 Kesrauan
433 930 481 966 Li
513 931 577 965 ani
596 939 716 976 supra
734 929 883 966 Ghazir
901 931 1047 975 (Gailll
1070 932 1115 966 Bl
1131 934 1170 976 l).

163 993 224 1028 Ar.
242 993 374 1038 Geogr.
394 992 436 1028 In
459 992 655 1040 Europam
673 993 885 1029 australem
906 1003 1011 1040 saepe
1031 994 1313 1030 introductum.

109 1128 237 1172 Sam.
268 1127 321 1170 Ιῐ.
351 1127 591 1172 nummos
618 1128 746 1172 Endl.
777 1154 826 1161 —
855 1129 1075 1185 Perigonii
1104 1130 1254 1173 cernui
1283 1131 1427 1184 phylla
1452 1130 1576 1174 valde
1604 1132 1819 1176 revoluta.

394 1188 586 1231 Stamina
609 1200 631 1229 a
658 1189 772 1244 stylo
799 1190 1010 1233 declinato
1041 1190 1236 1245 undique
1259 1190 1543 1244 divergentia.

762 1300 775 1311 ·
799 1298 910 1335 Folia
935 1298 1176 1335 verticillata.

173 1401 213 1443 2.
250 1399 307 1443 L.
341 1399 658 1455 Martaqon
691 1398 762 1455 (L.
794 1398 871 1454 Sp.
905 1400 1011 1455 435)
1047 1399 1167 1442 bulbi
1199 1400 1314 1442 ovati
1347 1400 1542 1454 squamis
1573 1402 1823 1445 numerosis

111 1458 332 1514 angustis,
367 1459 490 1502 caule
528 1460 639 1501 elato
672 1459 820 1513 glabro
853 1460 920 1501 vel
959 1471 1139 1502 sursum
1178 1459 1393 1512 puberulo
1438 1460 1628 1504 medium
1667 1473 1822 1505 versus

111 1521 274 1564 foliato,
298 1519 412 1561 foliis
453 1519 497 1560 in
528 1519 767 1561 verticillos
802 1531 963 1573 paucos
1002 1518 1270 1572 6-8-phyllos
1302 1519 1529 1573 dispositis
1567 1521 1821 1575 patentibus

115 1581 201 1623 late
236 1577 487 1621 lanceolatis
521 1578 658 1621 acutis
693 1578 895 1621 ciliatulis
931 1578 1023 1620 basi
1058 1578 1102 1620 in
1132 1578 1339 1632 petiolum
1367 1578 1545 1621 brevem
1571 1582 1822 1630 attenuatis,

110 1637 421 1693 superioribus
460 1637 626 1690 sparsis
670 1637 896 1680 diminutis
935 1641 978 1680 et
1014 1638 1275 1690 angustatis,
1301 1637 1483 1681 floribus
1520 1639 1563 1680 in
1603 1651 1822 1683 racemum

113 1697 413 1752 thyrsoideum
442 1695 585 1739 laxum
611 1695 850 1751 dispositis,
873 1697 1095 1751 pedicellis
1122 1697 1213 1740 basi
1244 1697 1474 1740 bractealis
1492 1700 1706 1752 elongatis
1732 1712 1825 1744 cer·

117 1757 233 1809 nais,
250 1755 463 1812 perigonii
482 1756 680 1798 nutantis
706 1756 999 1800 roseo-vinosi
1024 1756 1185 1811 phyllis
1214 1757 1673 1812 lanceolam-oblongis
1697 1760 1824 1803 valde

114 1816 327 1860 revolutis
363 1816 492 1858 dorso
529 1815 870 1869 pubescentibus
901 1815 1019 1858 intus
1057 1816 1277 1870 punctalis
1312 1818 1432 1870 apice
1461 1817 1630 1861 obtusis
1665 1818 1823 1862 subcu-

114 1875 288 1919 cullatis
320 1874 488 1917 inferne
531 1875 572 1916 in
609 1887 796 1928 unguem
835 1875 1050 1918 sulcatum
1091 1876 1345 1925 attenuatis,
1381 1876 1618 1920 filamentis
1671 1878 1825 1932 longis,

110 1934 309 1978 antheris
333 1937 377 1978 et
403 1934 563 1988 polline
591 1933 753 1985 rubris,
773 1936 951 1988 capsula
976 1934 1197 1977 turbinata
1227 1938 1353 1977 acute
1381 1937 1586 1990 angulata
1612 1943 1673 1986 36.
1695 1941 1822 1992 Jacq.

114 1993 267 2037 Austr.
289 1994 376 2037 tab.
405 1994 503 2036 351.
531 2017 573 2023 --
605 1992 738 2036 Rclib.
764 1994 911 2037 Germ.
940 1994 1026 2037 tab.
1055 1994 1154 2035 451.

163 2075 264 2112 Hah.
282 2076 322 2111 in
345 2075 552 2122 sylvaticis
572 2076 818 2122 rupestribus
831 2077 1002 2121 regionis
1020 2078 1236 2123 pracsertim
1253 2079 1827 2126 montanae,G1·aecia(Si1>t11.)‚

118 2123 159 2159 in
181 2123 377 2159 Parnasso
398 2133 517 2170 supra
552 2123 764 2170 Dipotamo
793 2124 898 2160 50110'
935 2123 1119 2173 (Oi-phi),
1157 2124 1256 2160 circa
1295 2126 1533 2171 Byzantium
1572 2127 1822 2175 (Coumanyt

115 2170 258 2216 Posti),
278 2171 587 2206 'ri-anscaucasia
603 2170 720 2206 occid.
743 2172 808 2215 (ex
835 2171 1009 2213 Ledel).).
1035 2171 1263 2217 specimina
1285 2173 1423 2209 Graeca
1457 2184 1504 2209 ex
1539 2175 1639 2211 sicco
1678 2175 1726 2210 ad
1748 2176 1826 2211 for-

119 2227 224 2253 mam
246 2219 419 2265 typicam
441 2218 605 2254 floribus
630 2218 779 2254 vinosis
805 2228 876 2254 nec
902 2218 952 2254 ad
977 2218 1242 2254 Dalmaticum
1281 2220 1445 2256 fioribus
1478 2223 1826 2269 purpureo-nigris

116 2267 296 2312 spectare
317 2265 511 2301 videntur.

164 2330 227 2365 Ar.
253 2329 386 2375 Geogr.
409 2329 565 2377 Europa
583 2329 716 2366 media
737 2330 978 2366 claustralis
1010 2330 1060 2366 ab
1092 2331 1248 2378 Angli-St,
1283 2332 1413 2368 Galliz‘t
1450 2335 1487 2368 et
1523 2334 1739 2370 Germania
1774 2337 1823 2371 ad

118 2375 300 2412 Rossiam
321 2378 547 2423 australem,
569 2377 725 2423 Silia-ia,
746 2378 924 2424 Japonia.

794 2498 805 2508 ·
835 2498 843 2508 ”
871 2495 983 2531 Folia
1004 2506 1153 2543 sparsa.

179 2575 775 2632 3.L.monadelphum
804 2577 877 2632 (M.
907 2577 953 2619 B.
982 2579 1114 2621 Taur.
1145 2577 1274 2622 Cauc.
1306 2580 1336 2630 1,
1363 2594 1400 2635 p.
1435 2582 1538 2629 2267)
1568 2582 1686 2625 bulbi
1711 2585 1826 2626 ovati

118 2637 312 2692 squamis
351 2636 601 2678 lanceolatis
636 2637 967 2691 lutesccnlibus,
1011 2638 1132 2680 caule
1163 2640 1275 2682 elato
1310 2640 1398 2683 sere
1437 2644 1523 2682 tola
1559 2642 1827 2695 longitudine

119 2693 269 2736 crebre
295 2695 453 2745 foliato,
482 2696 593 2738 soliis
619 2696 775 2738 crectis
802 2696 1049 2739 lanceolatis
1079 2699 1217 2740 aculis
1246 2701 1540 2743 multincrviis
1576 2702 1733 2744 subtus
1774 2703 1825 2744 ad

120 2764 280 2796 nervos
307 2758 348 2796 ct
371 2755 563 2808 margine
584 2754 805 2808 papillosis
829 2756 1135 2809 superioribus
1155 2759 1317 2800 sensim
1347 2759 1625 2810 abbreviatis,
1644 2761 1828 2804 floribus

122 2810 162 2853 in
209 2824 424 2856 racemum
475 2813 777 2867 tliyrsoideum
819 2815 1102 2857 Q-lO-slorum
1143 2817 1369 2871 dispositis
1414 2820 1558 2861 rarius
1598 2821 1825 2870 solitariis,

125 2870 383 2923 pedunculis
408 2872 592 2914 bracteis
618 2873 865 2916 lanceolatis
890 2875 1084 2917 suffultis
1111 2876 1229 2929 apice
1250 2878 1441 2922 cornuis.
1477 2879 1686 2932 perigenii
1715 2893 1830 2922 cam-

125 2930 313 2982 panulati
337 2931 519 2975 sullurci
546 2931 707 2987 phyllis
737 2932 1043 2977 oblanceolatis
1075 2947 1097 2976 a
1122 2935 1264 2978 medio
1295 2936 1465 2979 tandem
1506 2937 1831 2982 falcato-recur-
