2089 3246
99 225 312 263 Panicum.
837 231 1061 259 &mmmm
1734 226 1805 262 435

99 308 150 351 P.
179 305 401 360 Tenervffoe
419 305 470 348 R.
500 305 574 348 Br.
602 305 759 349 Prodr.
789 305 825 355 Ι,
858 308 1021 350 189.-—
1049 304 1318 349 Triclcolaena
1346 305 1600 348 micrantlea
1621 306 1801 350 Schrad.

102 367 145 409 in
169 365 266 409 Sch.
296 365 424 407 Mant.
454 364 510 416 Il,
538 366 632 408 163.

149 441 248 477 Hab.
267 441 307 476 in
333 451 377 476 ru
410 440 580 477 estrihus
606 441 732 486 siccis,
752 440 930 488 Egyptus
957 440 1161 476 orientalis
1189 441 1230 475 in
1254 439 1418 475 desertis
1451 442 1650 476 montanis
1685 443 1802 488 (Figl

100 489 286 525 Hussonl
308 451 467 531 Αεοῖιῖ),
485 488 634 523 Arabia
656 490 789 534 petrea
812 490 849 523 in
871 489 964 534 iugo
986 488 1175 524 Sinaitico
1195 487 1345 532 (Bovel
1368 487 1479 522 Auch
1495 489 1521 532 !)
1545 492 1583 523 ct
1603 488 1649 523 ad
1671 489 1803 524 Ouadi

99 534 266 572 Scheick
285 535 420 578 (Boiss
442 537 481 580 l),
500 535 703 571 Palestina
723 535 772 570 ad
796 536 924 571 lacum
944 535 1169 570 Tiberiadis
1183 535 1361 580 (Boisle
1375 535 1523 569 Arabia
1542 535 1802 572 Mascatensls

93 583 243 627 (Auch.
265 582 411 628 54471),
428 581 641 629 Affghania
661 582 711 617 ad
733 582 898 628 Khyber
920 582 1089 627 (Griffl).

146 648 207 683 Ar.
231 647 365 692 Geoqr.
392 646 530 682 Sicilia
553 650 590 682 et
607 647 720 682 Italia
741 646 962 690 australior,
979 646 1122 682 insulae
1143 645 1407 682 Canarieuses
1425 648 1462 681 et
1483 646 1633 693 Capitis
1649 649 1802 694 viridis,

98 694 234 730 Africa
254 695 425 730 borealis
449 694 624 740 interior,
652 694 759 740 regio
779 694 920 730 Scinde
940 694 1074 729 Indiae.

100 848 224 894 Szc'r.
248 849 318 892 IV.
344 847 763 892 ECHINOCHLOA.
794 848 979 903 Spiculae
1007 848 1361 902 quadriscriatim
1400 848 1466 890 vel
1496 847 1798 902 irregulariter

397 910 440 951 in
466 920 610 952 ramos
635 907 906 961 spiciformes
944 908 1159 952 secundos
1187 907 1395 961 paniculae
1428 907 1662 962 dispositae.
1697 907 1800 951 Glu-

396 969 520 1010 mella
574 967 745 1009 ssosculi
789 968 969 1011 masculi
1016 978 1131 1020 saepe
1172 968 1352 1009 aristata
1403 991 1455 996 —
1502 965 1799 1009 Eclzz'nochloa

397 1027 442 1069 P.
467 1027 520 1069 de
544 1027 589 1068 B.

159 1149 196 1189 5.
226 1146 281 1189 P.
307 1147 458 1191 Crus
481 1146 636 1191 Galli
657 1146 724 1201 (L.
754 1146 827 1201 Sp.
854 1145 929 1199 83)
957 1159 1166 1195 annuum,
1193 1147 1334 1189 culmo
1355 1146 1540 1200 simplici
1566 1146 1630 1188 vel
1662 1147 1798 1201 pluri-

100 1206 182 1249 bus
205 1218 320 1260 saepe
342 1206 480 1257 elatis,
511 1205 623 1248 foliis
654 1207 737 1249 late
768 1205 1007 1248 linearibus
1031 1205 1193 1259 glabris
1223 1206 1376 1259 planis,
1416 1206 1614 1260 panicula
1643 1207 1793 1249 termi—

102 1266 185 1308 nali
208 1268 426 1308 contracta
455 1266 742 1308 racemit'ormi
772 1265 903 1318 spicis
923 1265 1156 1307 sessilibus
1180 1266 1248 1308 vel
1273 1266 1468 1308 breviter
1493 1265 1797 1319 pedunculatis

102 1325 372 1378 simplicibus
392 1325 460 1367 vel
485 1324 823 1378 subcompositis
844 1324 1082 1367 linearibus
1113 1323 1270 1367 crectis
1295 1324 1609 1379 approximatis
1634 1325 1797 1378 saepius

97 1384 305 1426 solitariis
330 1387 570 1436 constante,
596 1383 807 1437 paniculae
835 1383 904 1424 axi
929 1384 979 1425 ad
1007 1384 1289 1426 insertionem
1317 1384 1536 1438 spicarum
1556 1395 1798 1437 earumque

97 1443 273 1486 rachide
300 1443 514 1497 setigeris
540 1443 721 1496 spiculis
749 1442 934 1495 hispidis
959 1443 1028 1484 vcl
1053 1442 1218 1484 scabris
1242 1443 1663 1497 subquadriscriatis
1701 1442 1798 1484 bre-

98 1503 212 1546 viter
241 1503 511 1556 pedicellatis
535 1502 730 1556 oblongis
759 1502 914 1551 acutis,
946 1502 1094 1554 gluma
1132 1503 1342 1545 inferiore
1374 1502 1590 1556 subtriplo
1631 1502 1797 1544 minore

97 1561 268 1612 manca,
291 1562 519 1616 superiore
540 1561 771 1604 flosculum
796 1561 1202 1615 hermaphroditum
1230 1567 1431 1616 aequante
1474 1563 1539 1603 vel
1579 1560 1794 1614 subsupe-

97 1624 222 1664 rante
257 1621 356 1674 plus
388 1621 533 1664 minus
574 1622 700 1674 longe
738 1621 1195 1663 mucronato-aristam
1229 1621 1281 1662 ad
1323 1632 1483 1662 nervos
1510 1624 1553 1662 et
1577 1620 1795 1673 margines

92 1679 252 1731 ciliata,
295 1680 502 1733 glumella
546 1679 715 1722 flosculi
757 1679 978 1721 inferioris
1010 1679 1178 1733 (neutri
1211 1679 1356 1722 rarius
1391 1680 1590 1734 masculi)
1638 1679 1796 1732 glumae

99 1740 316 1794 superiori
359 1739 489 1782 simili
526 1739 602 1783 sed
651 1740 693 1781 in
721 1739 900 1780 aristam
939 1739 1098 1792 saepius
1134 1739 1374 1792 longiorem
1403 1739 1627 1792 producta,
1674 1736 1794 1781 ssoris

96 1797 440 1852 hermaphroditi
472 1798 589 1840 ovati
619 1798 733 1841 acuti
765 1797 921 1840 minuti
960 1798 1168 1850 glumella
1201 1807 1244 1840 et
1282 1799 1407 1853 palea
1450 1798 1598 1840 nitidis
1640 1796 1794 1839 albidis

97 1857 302 1900 coriaceis
334 1861 397 1908 Ε).
428 1857 482 1899 lc.
510 1857 629 1900 Trin.
654 1857 804 1901 Gram.
832 1856 921 1900 tab.
954 1857 1048 1898 161.
1077 1882 1133 1887 -
1167 1857 1304 1899 Rchb.
1332 1856 1479 1900 Germ.
1514 1857 1583 1910 fig.
1614 1856 1714 1899 516.
1740 1880 1795 1886 —

98 1915 145 1958 P.
175 1915 286 1958 Crus
320 1916 450 1959 Corvi
483 1916 530 1959 L.
551 1916 628 1970 Sp.
663 1917 732 1959 84.
770 1939 824 1946 —-
849 1916 899 1958 P.
925 1915 1183 1968 staqunum
1210 1916 1317 1959 Retz
1344 1915 1450 1959 Obs.
1487 1915 1537 1958 V.
1566 1917 1614 1957 17
1638 1915 1795 1971 <forma

96 1976 205 2018 flore
230 1976 437 2019 inferiore
466 1975 692 2031 masculo).

143 2050 247 2086 Hab.
266 2051 306 2086 in
326 2051 445 2087 cultis
465 2051 586 2087 totius
606 2050 769 2086 ditionis
790 2061 813 2086 a
831 2049 1003 2086 Graecia!
1025 2050 1075 2086 ad
1090 2050 1314 2098 Egyptuml
1337 2051 1517 2097 regiones
1539 2049 1794 2086 Caucasicas!

95 2098 284 2134 Arabiam
306 2098 610 2135 Mascatenseml
631 2098 907 2144 Affghaniaml
929 2108 1068 2144 usque.

153 2165 184 2219 β
210 2165 477 2208 ecln'natam.
499 2189 554 2197 -
582 2164 796 2209 Glumella
823 2165 994 2208 flosculi
1021 2165 1165 2207 neutri
1193 2166 1236 2207 in
1259 2165 1436 2208 aristam
1463 2168 1638 2207 tenuem
1659 2163 1794 2206 inter-

90 2225 532 2327 Zprffidloliiigissiiffizm
556 2225 781 2281 producta.
805 2247 860 2255 -
903 2224 1022 2266 Trin.
1042 2224 1104 2268 Ic.
1133 2224 1216 2272 tab,
1244 2225 1339 2267 162.
1365 2249 1419 2254 —
1447 2223 1494 2266 P.
1537 2222 1787 2265 comitatum

144 2359 246 2395 Hab.
269 2370 358 2396 cum
381 2362 489 2406 typo,
516 2360 671 2396 Graecia
713 2360 752 2394 in
786 2358 1006 2404 Eurytania
1036 2358 1231 2405 (Heldrl),
1266 2358 1445 2406 Egyptus
1478 2358 1641 2394 inferior
1675 2357 1795 2402 (Ehrl

94 2406 188 2443 Sam
203 2409 243 2452 l),
269 2408 457 2443 Armenia
478 2407 717 2452 (Calvertl)‚
742 2406 875 2442 Persia
894 2406 1077 2450 (Haussk
1098 2408 1139 2452 l).

145 2469 268 2506 Valde
288 2472 419 2506 variat
438 2470 559 2517 spicis
579 2468 832 2516 simplicibus
860 2469 924 2505 vel
957 2470 1189 2515 compositis
1224 2470 1410 2505 confertis
1444 2468 1508 2504 vel
1541 2468 1796 2513 distantibus,

90 2516 242 2563 glumis
264 2518 353 2564 plus
374 2519 557 2553 minusve
578 2517 799 2563 cuspidatis
820 2519 858 2552 et
884 2517 1001 2562 longe
1027 2517 1091 2552 vel
1112 2517 1284 2553 breviter
1306 2517 1505 2553 setulosis.

143 2582 206 2618 Ar.
223 2583 355 2628 Geoqr.
373 2582 497 2619 Totus
516 2582 626 2618 orbis
647 2583 843 2618 terrarum
862 2581 1016 2618 arcticis
1036 2581 1218 2629 exceptis.

157 2696 197 2738 6.
237 2695 294 2738 Ρ.
344 2695 623 2739 colonum
661 2695 727 2747 (L.
763 2694 839 2749 Sp.
881 2693 955 2748 84)
995 2707 1203 2746 annuum,
1228 2694 1383 2737 culmis
1419 2693 1691 2747 simplicibus
1729 2693 1793 2735 vel

99 2754 264 2808 soepius
315 2754 540 2808 ccspitosis
587 2753 937 2808 subcompressis
978 2754 1148 2797 inferne
1201 2765 1318 2808 saepe
1360 2753 1630 2806 geniculatis,
1682 2752 1794 2794 soliis

97 2814 424 2868 erecto-patulis
451 2813 691 2856 linearibus
718 2813 858 2867 planis
875 2813 1132 2856 acuminatis
1159 2812 1372 2855 scabridis
1397 2811 1617 2854 interdurn
1639 2811 1795 2853 rubro-

94 2873 278 2921 zonatis‚
307 2884 474 2915 racemo
503 2873 721 2916 terminali
746 2872 879 2927 spicis
903 2872 1174 2925 simplicibus
1201 2871 1430 2914 sessilibus
1453 2871 1701 2924 patentibus
1727 2869 1791 2911 vel

90 2932 252 2974 erectis
270 2931 449 2975 alternis
469 2932 536 2974 vel
559 2932 797 2986 conjugatis
817 2931 916 2986 plus
941 2931 1086 2973 minus
1103 2931 1267 2974 dissitis
1287 2930 1483 2983 oblongis
1501 2930 1566 2971 vel
1587 2929 1791 2981 oblongo—

87 2990 346 3043 ·cylindricis
361 2993 600 3044 constante,
623 2991 782 3034 racemi
806 2990 875 3032 axi
899 2990 953 3033 ad
975 2990 1196 3044 spicarum
1223 2989 1479 3032 inferiorum
1505 2988 1790 3031 insertionem
