2062 3314
240 259 320 297 656
934 255 1162 289 ammianum
1751 249 1941 291 Bromus.

243 342 329 378 zico
348 340 390 375 in
408 337 620 374 maritimis
640 337 679 371 et
696 335 737 371 in
756 335 861 371 valle
880 334 1020 380 Djimil
1038 333 1144 371 6000'
1164 334 1310 380 (Bali),
1339 333 1478 369 Cilicia
1506 332 1672 369 littorali
1695 333 1801 379 (Bal.
1821 335 1888 371 751
1908 337 1948 382 l),

246 386 490 433 Pamphylia
507 385 557 419 ad
573 382 797 418 Tsimhouk
820 382 934 417 Khan
957 381 1147 427 (Heldr!)‚
1169 382 1343 427 Phrygia
1347 390 1481 463 ¹prope
1498 380 1663 415 Ouchak
1695 380 1800 417 3000’
1832 382 1941 427 (Bal.

246 436 393 478 14481),
419 432 533 477 Syria
553 430 702 465 boreali
722 428 957 474 (Hausskl).
985 428 1120 466 Persia
1149 428 1300 464 boreali
1327 428 1343 473 (
1380 429 1478 474 gel),
1506 426 1765 464 Kurdistania
1798 428 1950 465 Persica

248 480 428 528 (Haussk
439 482 479 525 !)‚
501 477 717 523 Affghania
736 476 858 520 (Griff
867 478 905 520 l).

295 544 564 592 Speciininum
584 552 632 577 ex
653 541 772 576 variis
790 539 886 576 locis
912 542 1161 586 acceptorum
1194 538 1308 585 copia
1343 538 1477 574 docuit
1508 539 1658 585 species
1689 549 1712 574 a
1746 549 1809 575 me
1840 540 1951 587 prius

248 592 453 629 distinctas
484 590 631 624 formas
659 591 811 622 tantum
842 597 926 622 esse
958 586 1203 622 intermediis
1237 586 1450 630 conjuctaS.
1480 584 1527 621 B.
1556 586 1720 633 patulus
1755 586 1806 621 ab
1844 587 1953 624 afflui

250 638 298 676 B.
322 636 481 675 ανυρηεί
498 635 627 671 radice
645 635 791 677 bienni,
812 634 984 669 flosculis
1006 634 1165 669 demum
1182 633 1488 673 remotiusculiS,
1507 633 1680 668 anthei-is
1709 633 1831 680 duplo
1863 634 1951 670 bre-

251 686 442 729 vioribus,
468 683 599 718 aristis
618 683 777 717 demum
799 682 1047 716 divaricatim
1067 681 1241 716 recurvis
1273 680 1419 715 differt.
1458 678 1506 715 B.
1544 689 1780 727 squarrosus
1812 681 1953 717 culmis

253 732 488 814 huinillibsslst,
508 730 691 776 panicula
725 727 1035 774 paucispiculata
1053 729 1226 771 nutante,
1245 727 1411 773 spiculis
1429 726 1520 762 latis
1542 728 1696 763 obtusis
1715 727 1841 763 multo
1869 729 1952 764 lon-

257 790 347 827 glus
369 789 427 814 <is
447 788 470 812 a
490 804 497 811 .

316 879 384 920 36.
413 877 473 919 B.
502 875 801 919 secalinus
826 873 895 927 (L.
926 873 999 928 Sp.
1025 872 1331 929 11⁰2)annuuS,
1354 873 1509 916 culmis
1530 875 1686 917 erectis
1714 875 1842 918 elatis
1865 876 1955 929 gla-

261 938 368 981 bris,
396 936 509 978 foliis
549 934 787 976 linearibus
830 934 1086 975 acuminatis
1125 932 1379 987 vaginisque
1421 931 1586 986 glabris
1631 935 1695 977 vel
1741 934 1955 987 pilosulis‚

262 996 476 1050 paniculae
513 995 619 1036 laxae
657 995 852 1045 angustae
890 996 1045 1034 erectae
1083 992 1256 1034 tandem
1284 991 1568 1034 subnutantis
1593 993 1796 1036 secundae
1823 993 1956 1036 ramis

256 1054 464 1096 tenuIbus
492 1052 661 1106 asperis
681 1052 847 1104 spicula
873 1051 1140 1105 longioribus
1163 1051 1320 1092 erectis
1347 1051 1627 1093 inferioribus
1656 1052 1878 1094 interdurn
1905 1053 1956 1093 ⁰2-

261 1112 551 1165 3-spiculatis‚
580 1110 759 1163 spiculis
792 1110 956 1162 glabris
991 1110 1056 1152 vel
1096 1109 1438 1163 pubescentibus
1465 1109 1810 1163 ovato—oblongis
1836 1110 1958 1153 valde

262 1171 530 1223 compressis
552 1169 819 1218 &iffi-flori&
846 1168 1040 1212 flosculis
1064 1168 1300 1211 fructiferis
1329 1168 1523 1221 margine
1549 1170 1781 1212 contractis
1815 1170 1961 1213 tereti-

260 1231 345 1272 bus
376 1241 457 1271 non
478 1240 574 1272 sese
599 1227 917 1280 obtegentibus,
933 1227 1091 1281 glumis
1108 1227 1563 1280 oblongo-lanceolatis
1577 1228 1714 1270 acutis
1732 1228 1962 1282 superiore

259 1289 414 1331 latiore
443 1286 957 1339 sublongiore,glumella
975 1286 1308 1339 ovato-oblonga
1331 1286 1526 1329 obsolete
1548 1287 1750 1330 7-nervia
1768 1287 1960 1341 margine

262 1348 428 1391 sensim
465 1348 646 1388 curvata
682 1358 764 1387 non
803 1346 1007 1397 angulata
1034 1345 1117 1386 sub
1148 1344 1268 1399 apice
1306 1346 1474 1397 integro
1501 1349 1576 1387 aut
1608 1345 1802 1389 obsolete
1833 1345 1961 1390 bifido

262 1407 399 1449 arista
436 1405 554 1447 tenui
594 1405 708 1446 recta
742 1404 807 1444 vel
852 1404 1044 1446 flexuosa
1070 1404 1138 1447 vel
1162 1414 1223 1445 eae
1252 1404 1494 1458 aequilonga
1521 1405 1589 1446 vel
1619 1404 1672 1446 ad
1708 1416 1961 1447 mucronem

265 1465 442 1507 reducta
469 1465 681 1505 instructa
703 1466 767 1512 Θ.
793 1462 928 1505 Rchb.
953 1461 1100 1504 Germ.
1129 1462 1199 1514 fig.
1227 1463 1328 1505 353.
1350 1487 1409 1492 -—
1430 1462 1540 1505 Host
1565 1462 1712 1506 Gram.
1730 1463 1760 1514 Ι,
1784 1464 1868 1506 tab.
1887 1462 1954 1505 42.

267 1548 326 1555 —-
354 1524 403 1564 B.
432 1533 618 1575 yrossus
644 1521 695 1562 D.
717 1520 760 1561 C.
790 1520 852 1565 Fl.
877 1520 945 1563 Fr.
971 1519 1047 1571 ΙΙΙ,
1071 1521 1140 1563 68.
1175 1544 1224 1551 -
1253 1521 1303 1563 Β.
1329 1521 1550 1563 calatinus
1575 1521 1753 1564 Schrad.
1773 1520 1917 1564 Germ.
1932 1521 1964 1574 1,

267 1583 352 1627 tab.
378 1584 403 1624 6
429 1583 590 1635 (forma
616 1580 797 1634 spiculis
823 1579 1066 1634 velutinis).

321 1657 425 1692 Hab.
444 1657 483 1691 in
503 1654 714 1703 segetibus,
730 1655 1040 1690 Transcaueasia
1060 1655 1127 1699 (ex
1150 1654 1191 1690 C.
1215 1653 1356 1700 Koch).
1374 1654 1405 1689 E
1424 1653 1574 1690 ditione
1592 1664 1673 1691 non
1693 1654 1787 1690 vidi.

315 1721 379 1755 Ar.
400 1719 536 1763 Geoqr.
557 1718 717 1763 Europa
739 1716 910 1752 borealis
927 1719 965 1751 et
982 1716 1113 1752 inedia
1132 1716 1182 1751 ad
1204 1715 1451 1752 Lusitaniam
1471 1716 1683 1761 borealem,
1706 1716 1859 1752 Italiam
1878 1727 1966 1753 cen—

270 1768 422 1811 tralein,
450 1765 702 1809 Dalmatiam,
727 1765 927 1810 regionem
958 1762 1227 1800 Danubialem
1256 1773 1394 1810 usque,
1423 1763 1566 1800 Sibiria
1594 1763 1808 1808 Uralensis,
1838 1764 1967 1801 Africa

270 1814 455 1858 borealis,
477 1812 659 1848 America
677 1811 865 1847 borealis.

856 1929 1026 1983 Species
1050 1941 1141 1972 non
1162 1931 1232 1972 sat
1257 1931 1382 1972 notoe.

331 2035 375 2076 B.
416 2033 724 2086 yranddfloras
768 2032 831 2089 (C.
887 2034 1002 2076 Koch
1054 2032 1175 2076 Linn.
1227 2033 1345 2081 XXI,
1392 2047 1430 2088 p.
1489 2036 1592 2089 419)
1640 2034 1956 2088 glaberrimus,

272 2095 386 2137 foliis
422 2093 682 2136 radicalibus
725 2093 924 2146 angustis
971 2092 1265 2135 subinvolutis
1313 2094 1494 2137 caulinis
1539 2093 1782 2145 latioribus,
1838 2093 1971 2148 ligula

273 2153 413 2203 brevi,
438 2152 595 2194 racemi
615 2152 795 2205 spiculis
818 2154 892 2194 5-8
915 2152 1175 2194 subcernuis
1195 2153 1289 2196 laxe
1308 2151 1511 2196 io-ssoris
1537 2152 1759 2207 pedicellis
1784 2151 1971 2195 laevissi-

275 2212 358 2254 mis
393 2210 603 2257 suffultis.
642 2211 801 2263 glumis
844 2211 1187 2264 subaequilongis
1231 2210 1436 2254 inferiore
1470 2212 1734 2265 angustiore,
1770 2210 1973 2265 glumella

276 2270 573 2324 septeinnervi
602 2269 734 2311 bifida
752 2270 884 2312 arista
914 2271 1032 2312 recta
1057 2272 1107 2312 ea
1130 2270 1421 2314 subbreviore
1448 2271 1677 2314 instructa.

323 2345 427 2380 Hab.
451 2343 492 2379 in
511 2345 634 2390 pratis
655 2344 801 2390 alpinis
821 2344 1021 2380 districtus
1042 2344 1257 2380 Pertakrek
1275 2346 1392 2381 Ponti
1409 2345 1514 2382 6000'
1534 2346 1594 2389 (C.
1616 2345 1763 2392 Koch).

324 2409 398 2444 Nee
415 2407 546 2443 uidem
563 2407 704 2443 radicis
725 2408 925 2443 character
944 2418 994 2443 an
1016 2418 1150 2443 annua
1183 2408 1243 2444 vel
1264 2409 1446 2454 perennis
1474 2410 1524 2445 sit
1548 2409 1765 2445 indicaturi
1797 2408 1857 2444 Ab
1884 2417 1974 2444 auc-

275 2458 358 2492 tore
426 2483 433 2490 .
450 2454 576 2490 sterili
593 2454 721 2490 affinis
739 2453 883 2490 dicitur
905 2457 942 2490 et
958 2455 1009 2490 ab
1029 2464 1074 2490 eo
1093 2456 1194 2491 notis
1210 2457 1357 2491 nullius
1378 2458 1567 2492 momenti
1587 2457 1808 2492 distinctus·

336 2522 387 2564 B.
423 2520 666 2572 pulchellus
708 2521 813 2573 (Fig.
836 2525 879 2563 et
917 2521 1014 2564 Not.
1046 2522 1149 2575 Agr.
1177 2522 1340 2575 Fragm.
1384 2537 1422 2576 p.
1454 2523 1526 2575 16)
1551 2535 1744 2573 annum,
1778 2521 1974 2576 pumilus

280 2581 541 2636 pubescens,
567 2580 763 2632 panicula
788 2580 972 2633 simplici
997 2580 1288 2634 subsecanda,
1313 2582 1494 2635 spiculis
1528 2582 1684 2626 erectis
1720 2581 1786 2624 vel
1822 2586 1977 2623 nutan-

280 2640 398 2682 tibus
426 2638 623 2690 oblongis
649 2640 913 2691 compressis
940 2639 1178 2682 laxiuscule
1202 2640 1432 2687 6-9·floris,
1454 2641 1611 2693 glumis
1636 2641 1856 2695 exquisite
1878 2651 1975 2681 ner·

280 2698 400 2755 yosis
431 2697 622 2739 flosculis
647 2697 925 2740 brevioribw
952 2698 1081 2740 dorso
1110 2699 1318 2753 adpresse
1354 2700 1496 2750 hirtis,
1530 2699 1737 2754 glumella
1768 2699 1976 2752 adpresse

281 2757 392 2799 hirta
424 2756 552 2797 bifida
579 2755 763 2798 obverse
791 2756 972 2810 oblonga
1001 2758 1193 2807 margine
1221 2771 1305 2801 non
1330 2760 1534 2812 angulata
1555 2760 1598 2801 in
1636 2759 1809 2801 lacinias
1834 2771 1859 2800 a
1883 2755 1977 2800 basi

282 2815 792 2868 triangulari-subulatas
816 2815 947 2857 bifida
972 2819 1107 2868 supra
1133 2817 1319 2860 medium
1343 2818 1477 2861 arista
1512 2819 1564 2860 ea
1601 2819 1794 2871 longiore
1818 2815 1976 2859 intorta

284 2878 327 2917 et
353 2874 514 2927 patenti
545 2875 720 2915 arenata
746 2874 884 2916 obsita
909 2878 973 2924 O.

333 2949 434 2984 Hub.
457 2950 495 2983 in
524 2947 773 2983 convallibus
791 2948 992 2984 Sinaiticis
1014 2950 1193 2996 (Figari).

335 3014 547 3054 Palmatis,
569 3014 708 3048 Affinis
729 3014 870 3049 dicitur
890 3014 939 3050 B.
961 3016 1204 3052 intermedio.
