2062 3314
233 203 305 241 522
965 210 1189 239 anamma:
1594 198 1904 247 Calamaqrostis,
1913 229 1923 239 .

234 287 462 330 branaceae
497 285 699 327 carinatae
737 284 1097 339 subcompressae.
1134 283 1302 327 Glumae
1342 283 1454 326 binae
1491 283 1737 338 (rarissime
1781 284 1928 339 unica)

233 346 327 389 basi
349 346 457 387 callo
480 344 736 387 insidentes
762 343 975 387 Glumella
1009 343 1102 387 basi
1135 342 1196 397 (et
1228 343 1374 385 rarius
1404 342 1619 396 undique)
1643 342 1776 395 pilosa
1805 343 1926 396 apice

234 404 499 447 denticulata
519 404 589 445 vel
625 401 755 444 bifida
774 414 827 445 ex
852 403 985 457 apice,
1011 404 1157 455 dorso,
1183 401 1250 444 vel
1279 402 1405 454 paulo
1428 413 1563 454 supra
1594 400 1717 443 basin
1745 401 1927 444 aristata

235 463 379 506 rarius
408 461 584 513 mutica;
613 461 732 515 palea
761 461 1010 504 bicarinata.
1033 461 1283 514 Squamulae
1321 460 1444 502 binae.
1470 459 1580 513 Styli
1611 460 1634 500 2
1663 459 1926 512 brevissimi,

234 522 434 575 stigmata
470 522 668 574 plumosa
714 520 769 561 ad
800 518 934 562 basin
969 519 1251 572 emergentia.
1299 517 1533 572 Caryopsis
1568 518 1926 572 lineari-oblonga

231 583 385 622 ventre
423 580 589 622 sulcata
629 579 714 621 hilo
752 578 905 621 lineari
946 579 1164 632 glumellis
1188 577 1352 621 inclusa
1379 577 1456 619 sed
1482 578 1631 620 libera.
1667 600 1723 607 —
1762 577 1920 620 Herbae

233 650 451 692 perennes
467 638 645 691 spiculis
670 637 940 692 paniculatis.
958 661 1014 666 —
1037 636 1187 680 Genus
1215 638 1341 679 affine
1363 635 1593 687 Aprostidi
1611 635 1662 678 ad
1679 648 1806 690 quam
1827 647 1927 690 spe-

233 697 320 740 cies
344 697 565 739 nonnullae
589 696 694 739 facie
720 696 842 737 valde
867 696 1089 742 accedunt,
1109 697 1161 737 ab
1178 697 1228 737 ea
1254 695 1435 737 flosculo
1462 695 1555 737 basi
1586 695 1720 748 piloso
1751 705 1926 747 semper

233 755 589 809 dignoscendum.
608 754 852 798 Pedicellus
879 755 1046 797 flosculi
1070 753 1233 796 sterilis
1257 755 1300 796 in
1325 754 1549 797 nonnullis
1573 752 1776 808 specibus
1802 753 1926 795 adest

233 816 304 856 vel
323 815 482 856 deficit.
505 813 733 867 Deyeuoeia
755 813 887 866 igitur
911 816 961 855 ut
977 817 1019 856 et
1045 813 1190 865 Apera
1215 813 1267 856 ab
1303 811 1541 865 Ayrostide
1558 817 1599 855 et
1626 811 1927 864 Galamapros-

231 872 319 915 tide
341 873 541 925 generice
566 884 650 915 non
672 872 952 925 sejungenda.

232 1046 355 1091 Sac‘r.
370 1047 399 1088 I.
418 1045 672 1089 EPIGEIOS
691 1046 809 1089 Koch
833 1045 936 1100 Syn.
952 1068 1008 1078 --
1026 1046 1212 1092 Flosculi
1229 1047 1393 1090 sterilis
1413 1046 1711 1089 rudimentum
1733 1047 1918 1092 nullum.

296 1173 330 1213 1.
364 1169 416 1213 C.
448 1168 827 1224 aqrostoides
873 1170 1078 1222 perennis
1117 1169 1239 1211 valde
1272 1169 1536 1212 stolonil'era.
1577 1170 1733 1212 culmis
1767 1171 1923 1214 erectis

231 1230 370 1282 elatis,
396 1229 508 1270 foliis
538 1226 774 1268 linearibus
805 1228 945 1280 planis
971 1228 1163 1280 margine
1204 1228 1383 1273 scabris,
1409 1228 1540 1281 ligula
1579 1229 1776 1282 oblonga.
1805 1230 1924 1282 pani÷

231 1290 338 1331 culae
382 1286 879 1341 purpureo-nigricantis
926 1291 1157 1329 contractae
1203 1288 1450 1330 lanceolatae
1496 1288 1744 1341 compositae
1788 1289 1921 1331 ramis

232 1348 394 1390 strictis
439 1345 687 1387 densissoris
732 1345 1038 1399 pedicellisque
1081 1346 1260 1394 scabris,
1295 1347 1454 1399 glumis
1495 1346 1743 1389 lanceolatis
1783 1348 1923 1389 acutis

230 1407 375 1448 carina
423 1405 587 1446 scabris
639 1403 1025 1458 subinaequalibus.
1065 1405 1270 1457 glumella
1309 1405 1469 1457 gluniis
1505 1405 1794 1448 subbreviore
1828 1405 1920 1448 basi

232 1465 549 1507 unilateraliter
573 1462 671 1516 pilis
702 1462 970 1505 brevissimis
993 1464 1132 1506 obsita
1155 1464 1337 1516 oblonga
1364 1464 1632 1506 acutiuscula
1671 1465 1754 1506 sub
1784 1465 1922 1506 medio

229 1523 359 1565 dorso
400 1524 579 1565 arietata
626 1522 759 1563 arista
807 1522 1050 1573 geniculata
1098 1522 1289 1565 breviter
1333 1525 1506 1566 exserta
1546 1523 1688 1565 rarius
1741 1523 1922 1566 submu-

228 1583 321 1628 tica,
347 1584 466 1636 palea
512 1580 627 1622 nulla
665 1582 724 1626 Ql.
760 1579 964 1632 Aprostis
999 1580 1412 1633 calamayrostoz'dcs
1448 1582 1579 1634 Regel
1609 1580 1700 1624 Ind.
1737 1582 1917 1632 Peli-00.

235 1642 357 1693 1865,
379 1656 419 1695 p.
449 1642 502 1682 38

274 1715 377 1750 Hab.
396 1716 435 1750 in
457 1715 549 1760 jugo
577 1714 793 1749 Mamisson
827 1713 988 1749 ditionis
1021 1714 1203 1750 Radscha
1233 1715 1398 1751 Caucasi
1433 1714 1625 1759 (Raddel)
1652 1715 1702 1750 ad
1739 1715 1919 1762 Gutgora.

227 1763 372 1797 montis
392 1763 614 1797 Kaischaur
632 1760 808 1804 (Owerin
822 1761 859 1805 l).

274 1822 584 1871 Sesquipetialis,
600 1824 782 1870 panicula
801 1826 967 1870 angusta
983 1824 1281 1872 2-3-pollicaris,
1300 1825 1447 1872 glumae
1469 1826 1488 1861 1
1507 1826 1549 1871 ¹l⁴
1571 1827 1637 1861 lin.
1654 1825 1791 1872 longae.
1813 1826 1922 1864 Folia

224 1872 411 1908 radicalia
432 1872 716 1917 3-4-pollicaria
740 1872 799 1906 1-1
824 1872 867 1915 ¹s'2
890 1871 955 1906 lin.
977 1871 1069 1907 lata.

283 1937 327 1991 β.
362 1936 556 1979 Pontica.
605 1960 659 1966 —
706 1936 817 1978 Folia
866 1937 1060 1989 elongata
1111 1938 1361 1990 angusliora
1408 1937 1737 1986 subconvolula
1774 1938 1920 1982 aristae

227 1998 354 2050 paulo
397 1996 563 2048 longius
603 2001 811 2038 exserlze.
845 2018 896 2026 --
927 1998 974 2037 A.
1005 1995 1165 2037 εαιιίηα
1209 2009 1295 2038 var.
1332 1996 1516 2051 spiculis
1554 1990 1793 2049 majoribus
1827 1997 1916 2038 Bal.

227 2054 337 2097 Bull.
358 2055 448 2097 Soc.
482 2055 559 2097 ssot
599 2055 668 2096 Fr.
697 2054 812 2103 XXI,
838 2067 879 2108 p.
914 2055 975 2096 12.

272 2128 367 2163 Haec
384 2130 532 2174 species
556 2126 895 2173 Calamaymstz'di
910 2137 980 2163 nec
999 2127 1207 2173 Ayrostidz·
1225 2128 1274 2163 ob
1295 2128 1523 2174 penicillum
1553 2128 1725 2174 pilorum
1755 2128 1805 2164 ad
1833 2132 1918 2173 glu-

223 2175 350 2210 mellae
370 2176 480 2209 basin
501 2175 573 2210 etsi
596 2174 873 2209 brevissimum
896 2177 1025 2209 tamen
1048 2175 1297 2210 manifestum
1340 2175 1637 2210 adnumeranda
1669 2178 1728 2210 est
1778 2175 1918 2210 Assinis

227 2221 266 2256 C.
292 2221 485 2258 Balcmsoe
505 2223 553 2256 ab
586 2225 630 2256 ea
658 2221 786 2256 differt
819 2221 947 2256 radice
982 2222 1221 2267 stolonifera,
1249 2222 1352 2257 foliis
1383 2222 1585 2268 elongatis,
1608 2221 1805 2267 glumellae
1827 2221 1920 2267 pilis

224 2267 483 2305 brevissimis.
507 2269 625 2304 arista
644 2268 791 2303 dci-sali
811 2278 882 2303 nec
913 2268 1083 2303 basilari.
1109 2269 1236 2304 Ambo
1264 2269 1316 2304 ob
1341 2270 1495 2315 paleam
1516 2269 1760 2305 deficientem
1792 2270 1919 2304 rarius

225 2316 434 2352 minimam
455 2316 504 2351 ad
527 2317 737 2354 sectionem
762 2314 1016 2352 Trio-hodium
1037 2315 1235 2352 accedunt.

283 2426 322 2467 2.
366 2426 420 2467 C.
464 2425 752 2477 Balansae‚
789 2425 1001 2478 cespitosa
1042 2424 1185 2467 radice
1231 2425 1407 2476 fibi-osa
1455 2425 1608 2468 culmis
1657 2426 1814 2468 erectis
1850 2427 1915 2467 vel

223 2483 315 2526 basi
362 2484 604 2537 geniculata
644 2483 996 2534 ascendentibus,
1043 2484 1155 2527 foliis
1205 2484 1440 2526 linearibus
1479 2485 1732 2526 acuminatis
1762 2483 1916 2538 planiS‚

222 2543 352 2597 ligula
388 2544 570 2596 oblonga
608 2542 795 2593 demam,
833 2543 1042 2596 paniculae
1076 2547 1306 2585 contractae
1339 2546 1532 2596 angustae
1560 2544 1680 2596 apice
1722 2544 1915 2588 nutantis

222 2614 405 2644 ramosae
440 2602 571 2644 ramis
615 2602 779 2643 strictis
819 2601 987 2643 inferne
1027 2601 1157 2644 nudis
1193 2602 1501 2657 pedicellisque
1547 2602 1725 2650 scabris,
1755 2601 1913 2655 glumis

222 2662 644 2713 purpurascentibus
680 2660 928 2702 lanceolatis
969 2661 1233 2703 acutissimis
1265 2661 1605 2714 subaequilongis
1639 2661 1784 2703 carina
1822 2672 1914 2702 sca,-

223 2720 328 2762 bris.
360 2720 561 2772 glumella
599 2719 689 2762 basi
724 2719 822 2772 pilis
855 2721 905 2760 ea
942 2720 1072 2772 triplo
1117 2720 1392 2762 brevioribus
1428 2720 1567 2761 obsita
1596 2720 1753 2771 glumis
1782 2721 1910 2762 tertia

221 2783 343 2832 parte
369 2779 568 2820 breviore
602 2778 722 2831 apice
746 2778 1006 2820 denticulata
1035 2779 1160 2831 paulo
1187 2791 1319 2831 supra
1355 2777 1474 2821 basin
1510 2779 1643 2821 arista
1670 2778 1910 2831 geniculata

220 2837 389 2878 inferne
428 2837 625 2880 sublorla
653 2850 675 2878 e
706 2837 863 2889 glumis
904 2836 1097 2879 breviter
1126 2839 1298 2879 exserta
1326 2840 1461 2886 aucta,
1496 2838 1616 2890 palea
1655 2837 1912 2880 brevissima

217 2895 283 2936 vel
335 2895 452 2936 nulla
504 2898 564 2941 Q.
600 2894 801 2947 Aarostz‘s
842 2894 1005 2937 Lazica
1042 2907 1094 2937 ex
1141 2900 1261 2949 parte
1298 2895 1387 2938 Bal.
1423 2894 1535 2945 Bult‘⁴
1582 2895 1676 2937 Soc.
1718 2893 1810 2938 Boi.
1834 2894 1904 2936 Fr.

219 2952 337 3006 XXI,
362 2968 400 3007 p.
431 2955 501 2995 12¹.
