2062 3314
241 242 320 280 208
1008 244 1205 271 LILIACEAE
1797 232 1948 279 Gayea.

250 328 374 381 parte
415 321 703 372 brevIoribuS‚
737 321 931 363 antheris
960 319 1317 372 ovato-oblongis,
1349 318 1527 372 capsula
1565 318 1690 368 ovata
1724 317 1949 371 perigonio

252 383 430 426 dimidio
458 382 673 434 breviore,
704 379 942 423 seminibus
970 379 1165 431 oblongis
1183 378 1399 431 angulatis
1423 377 1588 419 striatis
1625 387 1685 429 Qss.
1714 375 1762 419 G.
1790 375 1955 429 pusilla

251 443 415 486 Schult.
443 441 557 493 Syst.
577 439 668 493 VII,
688 452 728 493 p.
755 440 852 481 543.
877 461 932 469 ——
955 437 1087 480 Rchh.
1111 437 1255 480 Germ.
1281 437 1352 490 fig.
1376 437 1500 478 1044.

299 516 399 552 Hab.
416 516 457 550 in
477 514 626 549 Tauria
645 512 797 557 (δην),
816 511 989 546 Caucaso
1011 510 1082 554 (M.
1099 509 1227 555 B.),in
1246 509 1450 545 montibus
1469 508 1518 544 ad
1533 507 1646 544 Tissis
1665 507 1956 554 4000’(Rup1·1).

250 564 389 600 Iberia
414 562 582 606 (Eichw.
604 560 644 594 C.
667 560 821 603 Koch),
845 558 1021 594 Caucaso
1042 557 1226 592 orientali
1248 557 1328 600 (Ru
1343 558 1428 602 nl),
1450 555 1585 591 Persia
1600 555 1754 591 boreali
1774 555 1959 591 ad'Pass·

253 611 346 655 gala
369 610 452 656 Jugi
477 608 730 642 Elin-usensis
749 606 853 642 5000'
882 606 976 650 (ΚΥ.
1004 605 1090 640 103!
1113 604 1187 638 sub
1212 603 1256 640 G.
1279 567 1544 648 Bz'}la7·dierz')‚
1571 603 1702 638 Persia
1731 603 1897 638 australi
1917 603 1957 639 in

253 657 460 693 montibus
474 656 630 690 Sawers
649 656 688 688 et
706 653 796 688 Kuh
818 653 903 688 Nur
916 651 1109 688 82-13000·
1129 650 1311 694 (Haussk
1324 653 1360 694 i).

302 723 364 758 Ar.
387 722 520 765 Geoqr.
546 719 932 761 Bolie111ia,Aust1·ia‚
950 716 1162 760 Dalmatia,
1183 716 1289 761 regio
1312 714 1561 758 DanubialiS,
1597 714 1737 750 Rossia
1767 715 1955 750 meridio-

257 769 371 813 nalis,
392 768 535 803 Sibiria
555 767 714 809 Altaica‚
731 765 1005 809 Turkestanstz,
1024 763 1224 807 Songafia.

806 879 928 923 SECT.
964 879 1020 920 IV
1053 879 1412 921 PLATYSPERMUM.

319 987 385 1029 10.
423 983 482 1028 G.
516 981 834 1027 reticulata
866 981 995 1036 (Pali.
1024 981 1073 1023 lt.
1114 980 1187 1034 Ill,
1215 993 1252 1034 p.
1287 982 1370 1023 553
1407 982 1522 1034 App.
1551 980 1635 1022 tab.
1660 981 1697 1022 D
1724 981 1793 1034 fig.
1820 982 1844 1023 Ξ
1885 982 1967 1023 suli

255 1042 562 1098 Orniclaogyalo)
606 1042 735 1084 bulbo
770 1053 903 1095 parvo
937 1040 1231 1082 ovato-conico
1276 1041 1315 1081 in
1355 1040 1514 1082 tunicis
1550 1040 1757 1089 solitario,
1797 1052 1820 1082 e
1855 1040 1963 1082 collo

258 1105 481 1147 interdum
509 1101 776 1153 stolonifero‚
805 1100 962 1143 tunicis
989 1099 1235 1141 numerosis
1263 1111 1388 1141 secus
1418 1098 1554 1141 caulis
1596 1103 1763 1152 partem
1788 1099 1965 1142 inferio-

254 1176 348 1207 rem
377 1163 418 1204 in
450 1161 646 1213 vaginam
676 1161 772 1213 plus
802 1160 943 1201 minus
969 1159 1210 1210 elongatam
1237 1158 1496 1200 reticulatim
1527 1158 1736 1200 ssbrosam
1775 1157 1965 1212 produc-

254 1223 326 1269 tis.
349 1222 471 1264 caule
497 1221 561 1262 vel
600 1219 859 1261 brevissimo
893 1231 915 1260 e
955 1219 1107 1270 vagina
1142 1229 1227 1258 non
1252 1221 1426 1259 exserto
1456 1218 1522 1259 vel
1553 1217 1836 1268 sublongiore
1865 1218 1961 1259 uni-

257 1282 367 1324 floro
394 1280 462 1321 vel
489 1279 751 1321 umbellalim
778 1276 1118 1329 ⁶2·5·ssoro‚soliis
1140 1280 1323 1329 anguste
1347 1276 1585 1319 linearibus
1611 1276 1965 1319 velfiliformibus

259 1344 309 1383 ut
333 1343 375 1382 et
398 1338 596 1392 pcdicelli
628 1337 741 1391 pube
769 1337 891 1378 brevi
918 1336 1110 1389 crispula
1140 1336 1303 1388 smpius
1328 1335 1498 1384 olisius,
1522 1336 1708 1377 caulinis
1728 1335 1966 1388 superiori·

260 1401 344 1443 bus
385 1398 436 1438 ad
476 1397 595 1439 basin
633 1395 834 1438 umbellae
871 1394 1228 1436 subverlicillatis
1262 1394 1484 1447 pcdicellis
1519 1394 1828 1436 crassiusculis
1861 1394 1969 1436 flore

260 1457 428 1513 pluries
458 1456 737 1508 longioribus.
759 1453 972 1508 perigonii
994 1453 1130 1506 glabri
1157 1455 1222 1495 vel
1255 1454 1465 1506 adpresse
1501 1453 1780 1507 pubescentis
1811 1453 1969 1506 phyllis

262 1513 557 1559 multistriatis
587 1511 799 1555 viridibus
824 1512 1254 1565 timido-marginalis
1291 1513 1539 1555 lanceolatis
1574 1512 1961 1555 acuminatissimis

261 1575 548 1619 interioribus
587 1571 965 1621 subbrevioribus,
1014 1571 1246 1613 filamentis
1290 1569 1511 1624 porigonio
1546 1571 1723 1613 dimidio
1763 1571 1972 1613 breviori-

260 1636 358 1686 bus,
383 1633 577 1676 anthei-is
601 1631 984 1683 lineari-oblongis,
1007 1631 1182 1683 capsula
1206 1631 1597 1684 ohovato-oblonga
1615 1631 1773 1673 obtusa
1799 1630 1965 1683 perigo-

263 1695 334 1737 nio
361 1693 489 1734 tortia
518 1696 641 1745 parto
683 1689 903 1739 breviore,
933 1689 1174 1731 semihibus
1212 1689 1353 1742 planis
1386 1690 1730 1741 triangularibus
1768 1689 1972 1741 bimargi-

263 1753 377 1796 natis
412 1758 448 1798 26
466 1785 474 1795 .
494 1750 543 1792 G.
571 1748 804 1791 reticulata
831 1748 928 1791 Sch.
961 1748 1075 1801 Sysl.
1102 1748 1194 1801 VH,
1220 1761 1258 1802 p.
1285 1749 1384 1789 542.
1409 1772 1467 1778 —-
1495 1749 1630 1790 Rchb.
1661 1749 1729 1801 lig.
1763 1749 1885 1790 1054.
1916 1773 1966 1778 —

263 1812 397 1865 Regel
420 1812 476 1853 Fl.
504 1809 708 1855 Turkost.
737 1808 824 1849 tab.
858 1809 927 1855 19,
957 1807 1026 1859 lig.
1059 1808 1145 1849 1-4.
1190 1832 1237 1837 —
1270 1807 1392 1861 Expl.
1420 1808 1567 1860 Alger.
1594 1808 1677 1849 tab.
1704 1808 1758 1849 45
1783 1807 1868 1859 bis,
1898 1807 1965 1860 lig.

270 1874 304 1913 1.
331 1895 381 1900 —
408 1871 456 1911 G.
481 1867 761 1909 commutata!
797 1865 846 1908 G.
887 1866 1183 1907 sarmentosa!
1209 1869 1251 1908 et
1275 1865 1322 1908 G.
1349 1865 1581 1919 triphyllal
1621 1866 1665 1908 C.
1701 1866 1818 1909 Koch
1844 1867 1970 1908 Linn.

260 1929 408 1978 XXII,
431 1942 471 1983 p.
503 1928 712 1969 0227-230.
735 1949 791 1956 —-
812 1924 859 1967 G.
894 1924 1080 1967 Tam-ica
1107 1925 1224 1967 Stev.
1254 1925 1388 1968 Taur.
1413 1939 1454 1980 p.
1480 1926 1583 1967 335.

315 2005 416 2041 Hab.
436 2006 473 2039 in
496 2003 666 2039 collibus
685 2003 798 2037 siccis
819 2001 959 2037 calidis
979 2005 1017 2037 et
1038 2001 1216 2043 desertis,
1236 2002 1384 2037 Tauria
1404 2002 1515 2046 (Stev
1531 2005 1570 2047 l),
1589 2002 1780 2038 Armenia
1804 2002 1973 2038 Turcica

265 2053 417 2097 (Huetl
442 2052 593 2095 Calvi),
611 2050 920 2085 Transcaucasia
940 2050 1078 2092 (Szov!
1102 2050 1141 2084 C.
1174 2050 1221 2085 A.
1256 2049 1370 2094 Meyl
1392 2049 1533 2095 Hohl),
1564 2049 1701 2084 Persia
1728 2049 1902 2085 borealis
1938 2052 1975 2085 et

266 2100 472 2136 orientalis
491 2099 664 2139 (Buhsel
687 2098 818 2142 ligem,
842 2097 980 2131 Cilicia
1001 2096 1094 2141 (ΚΥ.
1114 2096 1253 2142 Suppl.
1272 2096 1368 2141 501),
1387 2096 1504 2141 Syria
1526 2097 1575 2132 ad
1595 2097 1747 2132 Aintab
1767 2098 1806 2131 et
1821 2095 1977 2144 Aleppo

268 2146 502 2192 (Hausskl),
523 2144 811 2190 Mesopotamia
836 2144 886 2178 ad
914 2144 1008 2178 Orsa
1039 2147 1077 2178 et
1110 2143 1266 2179 Mardin
1298 2144 1528 2189 (Hausskl),
1564 2143 1679 2189 Syria
1713 2143 1901 2179 littoralis
1929 2143 1980 2179 ad

269 2194 423 2240 Tripoli
444 2193 508 2237 (Bi
524 2195 561 2236 l).
584 2193 800 2226 Damascus
819 2190 995 2236 (Gailll),
1015 2190 1217 2226 palestina
1237 2191 1286 2226 ad
1326 2191 1650 2237 Hierosolymam
1687 2190 1827 2235 (Roth.
1859 2190 1979 2235 4391),

270 2241 476 2288 Affghania
502 2239 675 2284 (Gi-nm).

326 2307 357 2362 β
381 2303 629 2357 tenzm'folia.
671 2328 718 2334 —
762 2303 875 2346 Folia
904 2303 1165 2346 tenuissima
1198 2307 1380 2357 anguste
1406 2303 1644 2354 filimi-mia,
1670 2315 1787 2357 saepe
1823 2303 1978 2346 circin-

271 2372 596 2414 nato-recurva,
630 2363 762 2405 flores
800 2364 1008 2405 minores.
1042 2388 1096 2393 ——
1116 2362 1602 2404 Omitte.circinnatmn
1631 2361 1675 2403 L.
1702 2361 1853 2416 Suppl.
1883 2363 1977 2404 199.

318 2441 418 2476 Hah.
438 2441 477 2475 in
498 2438 667 2483 Georgia
690 2437 902 2473 Caucasica
925 2437 973 2472 ad
993 2437 1264 2473 Helenendorf
1283 2441 1319 2473 et
1338 2436 1616 2483 Elisabethpol
1638 2436 1803 2480 (Hohen
1820 2438 1859 2482 l),
1886 2436 1978 2472 Per-

266 2489 336 2524 sioe
359 2498 467 2534 prov.
487 2486 699 2530 Aderbijan
721 2485 891 2529 (Szov!),
911 2485 961 2519 ad
983 2484 1146 2519 Rudlmr
1163 2485 1314 2520 (Buhse
1328 2488 1368 2530 Β),
1382 2486 1482 2520 circa
1501 2485 1731 2530 Persepolin
1745 2483 1979 2528 (Hausskl),

269 2536 560 2581 Libanoprope
587 2533 744 2567 Hasrun
775 2532 890 2577 (Bul,
917 2535 1048 2566 monte
1074 2533 1145 2564 »8¹³2
1166 2533 1391 2567 Catharinae
1426 2532 1583 2566 Arabiae
1619 2532 1769 2566 Petreae
1788 2530 1979 2577 (Schimp.

268 2583 338 2619 404
353 2584 392 2628 ἱ),
415 2581 578 2628 planitie
601 2580 704 2614 elata
724 2579 866 2614 Gal-ala
888 2579 1031 2614 deserti
1048 2578 1466 2625 AEgyptiaco-Arabici
1488 2579 1767 2623 (Schweinfl).

329 2648 556 2708 yfibrosa.
585 2671 633 2675 —
661 2646 828 2688 Bulbus
861 2646 971 2687 infra
1004 2646 1198 2697 vaginam
1227 2646 1499 2688 reticulatam
1535 2644 1831 2686 abbreviatam
1857 2644 1984 2686 fibris

273 2707 579 2751 crassiusculis
604 2705 940 2747 ascendentibus
981 2704 1194 2746 intricatis
1226 2705 1361 2747 dense
1389 2705 1592 2754 vestitus,
1616 2703 1752 2745 caulis
1778 2702 1987 2746 brevissi-

273 2781 373 2810 mus
411 2767 564 2817 vagina
604 2764 797 2806 inclusus
845 2764 1084 2806 uni-rarius
1135 2762 1382 2806 2-3-ssorus.
1412 2787 1466 2792 -
1506 2762 1556 2805 G.
1591 2761 1738 2814 νίῃῖιία
1776 2761 1914 2804 Boiss.
1944 2765 1986 2805 et

275 2827 437 2880 Sprun.
465 2825 617 2876 Diagn.
648 2823 740 2865 Ser.
770 2822 801 2870 1,
823 2824 859 2871 7,
893 2836 930 2876 p.
964 2823 1059 2863 108.
1090 2845 1140 2851 -
1173 2821 1220 2864 G.
1244 2821 1553 2864 Alexandrina
1578 2821 1716 2864 Boiss.
1740 2820 1840 2864 Mss.
1866 2825 1908 2863 et
1936 2819 1985 2863 G.

273 2884 521 2928 Gramatolli
547 2882 679 2924 Boiss.
704 2882 745 2923 in
776 2881 983 2924 Lctourn.
1012 2893 1105 2923 cxs.
1132 2893 1215 2923 non
1242 2882 1484 2924 Parlatorc.

323 2950 426 2985 Hah.
445 2950 482 2984 in
506 2948 692 2994 Argolide
714 2949 904 2992 (Spruiier
917 2950 960 2991 ἲ),
975 2947 1022 2981 a‹l
1035 2947 1364 2981 Acrocorinthum
1380 2947 1509 2991 (Boiss
1527 2948 1565 2990 ἱ),
1582 2945 1933 2991 insulis'Amorgos
1947 2948 1985 2980 et

275 2999 377 3044 Syra
399 2996 527 3043 (Oi-ph
541 2995 772 3041 UAEgyptus
786 2994 1052 3030 inferiorcirca
1066 2993 1352 3030 Alexandriam
1369 2994 1526 3039 (Samar
1547 2996 1554 3029 l
1574 2993 1757 3030 Letourn.
1773 3003 1851 3028 exs
1868 2993 1972 3038 2072)
