2089 3246
93 236 245 275 Car-ex.
825 245 1076 273 cyrenaeum
1732 242 1800 278 411

94 318 221 374 genis
241 317 285 360 in
310 321 504 361 rostrum
537 317 671 362 breve
698 330 783 361 non
816 319 1057 362 scariosum
1087 331 1163 362 ore
1190 320 1260 362 vix
1284 323 1482 364 retusum
1512 324 1677 366 sensim
1700 335 1800 368 con·

97 377 258 429 tractis,
279 377 457 420 achenio
482 377 602 431 apice
624 376 910 431 subcupulari
942 379 1004 424 Q,
1032 378 1165 421 Relib.
1193 377 1337 420 Germ.
1363 380 1434 433 fig.
1462 381 1564 424 632.

145 452 243 488 Hab.
267 452 307 488 in
357 451 450 487 ratis
471 451 583 488 siccis
604 452 823 499 praesertim
850 454 1050 488 montanis
1072 455 1110 488 et
1129 453 1289 498 alpinis,
1308 456 1462 490 montes
1496 456 1632 492 Atticae
1650 457 1798 500 (Smith

94 499 260 545 Prodit),
339 498 528 534 acedonia
562 501 601 534 et
631 498 802 534 Thracia
832 499 871 534 in
907 499 1111 536 montibus
1152 500 1350 554 Rhodope
1383 503 1420 536 et
1445 502 1601 538 Athone
1638 508 1676 539 et
1701 506 1801 540 circa

94 545 332 593 Byzantium
352 546 539 589 (Gi-isch„
557 546 712 591 Friv!)‚
743 546 893 582 Pontus
919 547 1084 582 Lazicus
1113 547 1165 582 ad
1194 547 1334 592 Djimil
1359 547 1463 584 6000·
1495 549 1624 594 (Ball)
1656 551 1803 587 Tauria

93 593 219 686 ffierb).
240 593 450 640 Fauchel‘),
473 593 584 638 regio
603 594 738 640 alpina
759 596 798 629 et
822 593 1038 641 subalpina
1059 594 1181 630 totius
1215 595 1379 631 Caucasi
1406 580 1636 634 45002840&
1667 599 1726 642 (C.
1758 601 1802 635 A.

138 650 198 687 oy.
221 668 228 676 .

142 707 204 743 Ar.
223 708 355 752 Geoqr.
375 706 536 752 Europa
554 704 726 741 borealis
742 705 872 741 media
893 709 933 742 et
952 706 1138 741 australis
1157 716 1179 742 a
1203 706 1471 742 Scandinavia
1491 711 1528 743 et
1551 708 1689 744 Rossia
1707 715 1801 755 sept.

95 753 402 837 {grfflffiamam
428 753 640 799 borealam,
661 752 850 800 Siciliam,
882 753 1084 799 regionem
1119 753 1399 799 Danubialem,
1435 755 1591 800 Sibiria‚
1623 759 1803 793 Ameriea

154 914 222 956 39.
246 911 300 957 C.
338 912 636 956 Huetiana
661 911 821 967 [Boiss.
854 911 1009 965 Diagn.
1045 911 1140 956 Ser.
1183 911 1233 961 11,
1269 913 1310 959 4,
1357 925 1396 966 p.
1433 913 1536 962 1⁰23)
1567 914 1801 958 rbizomate

94 971 347 1015 horizontali
392 983 575 1019 ram080.
610 972 720 1014 collo
763 972 898 1014 dense
942 972 1343 1025 libroso-vaginato,
1392 973 1546 1015 culmis
1591 975 1798 1016 tenuibus

94 1031 304 1074 flexuosis
329 1031 418 1073 basi
447 1034 628 1084 excepta
662 1030 809 1082 nudis,
836 1031 947 1073 foliis
974 1031 1131 1084 pallide
1159 1031 1405 1074 virentibus
1445 1032 1633 1074 [irmulis
1660 1034 1800 1086 planis

95 1092 236 1132 culmo
263 1090 556 1141 brevioribus,
578 1090 758 1144 spiculis
786 1090 1105 1144 approximatis
1138 1089 1326 1132 mascula
1365 1090 1558 1133 solitaria
1598 1092 1803 1144 oblongo-

94 1151 276 1201 clavata‚
313 1149 511 1192 femineis
543 1149 616 1191 2-33
652 1149 792 1192 ovatis
828 1149 1034 1192 inferiore
1061 1149 1319 1192 brevissime
1347 1149 1654 1203 pedunculata.
1680 1150 1801 1192 brac·

85 1208 173 1253 teis
199 1208 505 1262 vaginantibus
530 1207 877 1262 nigrescentibus
897 1209 940 1251 in
969 1208 1194 1262 cuspidem
1212 1208 1418 1250 linearem
1436 1209 1603 1262 spicula
1623 1211 1799 1252 brevio-

96 1280 187 1311 rem
231 1268 478 1316 contractis‚
517 1268 677 1320 glumis
715 1267 848 1310 fuscis
896 1267 1036 1310 ovatis
1080 1267 1249 1309 obtusis
1296 1267 1481 1318 mancis,
1525 1269 1799 1320 stigmatibus

94 1327 247 1377 ternis,
287 1327 487 1369 utriculis
533 1327 659 1370 hirtis
696 1326 893 1380 oblongis
926 1327 1122 1369 nervatis
1153 1327 1360 1380 utrinque
1397 1327 1633 1369 attenuatis
1679 1329 1799 1382 apice

96 1385 138 1428 in
160 1389 352 1428 rostrum
379 1385 511 1428 breve
535 1398 620 1428 non
656 1385 897 1429 scariosum
922 1385 1202 1434 abeuntibus
1228 1385 1407 1427 achenio
1432 1386 1550 1439 apice
1581 1387 1802 1440 sulicupu-

95 1444 174 1487 lari
211 1451 269 1492 γ.
296 1443 337 1487 (7.
365 1445 636 1487 Reuteriana
659 1444 796 1488 Boiss.
820 1446 921 1488 olim
952 1456 1030 1487 nec
1051 1445 1202 1497 Diagn.
1229 1445 1291 1487 Pl.
1316 1444 1439 1499 Hisp.

141 1517 245 1554 Hah.
265 1518 306 1553 in
325 1519 468 1565 alpinis
480 1519 594 1555 siccis
611 1519 811 1554 Armeniae
826 1518 1009 1555 Turcicae
1024 1529 1143 1565 supra
1157 1517 1451 1554 Zazalarkhane
1465 1517 1612 1555 7-8000'
1628 1518 1751 1562 (Huct
1766 1521 1803 1563 l),

95 1565 223 1602 Ponto
243 1565 385 1602 Lazico
407 1576 528 1612 supra
547 1564 686 1612 Djimil
708 1566 837 1611 (Ball)
855 1578 863 1611 ;
888 1566 967 1601 huc
990 1575 1150 1613 quoque
1174 1566 1299 1602 refero
1319 1566 1533 1612 specimina
1564 1565 1802 1612 incompleta

91 1623 142 1649 ex
159 1611 335 1649 Boi-balo
356 1613 524 1650 Caucasi
541 1613 746 1649 orientalis
773 1614 903 1660 (Rupr
915 1615 953 1658 l).

142 1676 282 1713 Affinis
306 1675 343 1713 C.
366 1681 569 1718 montanee
588 1679 626 1713 et
648 1675 685 1713 C.
706 1677 887 1724 praecoci,
908 1687 931 1712 a
952 1676 1074 1723 priori
1108 1675 1278 1713 bracteis
1307 1675 1605 1722 vaginantibus‚
1633 1686 1654 1711 a
1674 1679 1802 1723 poste-

94 1724 196 1761 riore
213 1723 361 1771 glumis
390 1725 545 1760 obtusis
566 1727 605 1760 ct
630 1723 791 1760 utriculi
807 1725 933 1761 forma
950 1724 1145 1760 distincta.

153 1835 225 1876 40.
252 1835 308 1879 G.
337 1834 698 1878 ericetorum
719 1833 847 1890 (Poll.
875 1835 988 1877 Hist.
1019 1833 1154 1876 Palat.
1183 1833 1224 1885 Ξ,
1252 1845 1290 1886 p.
1319 1832 1429 1887 580)
1458 1833 1602 1876 radice
1623 1834 1800 1876 stoloni-

93 1894 198 1947 t'era,
228 1895 384 1936 culmis
434 1893 671 1947 gracilibus
706 1893 1047 1937 ascendentibus
1083 1893 1243 1935 obtuse
1278 1892 1460 1945 trigonis
1499 1892 1590 1934 basi
1629 1892 1799 1939 ciliatis,

93 1952 206 1995 soliis
260 1953 409 2007 rigidis
455 1952 704 2006 patentibus
745 1954 884 2006 planis
919 1953 1062 1996 culmo
1103 1950 1397 2002 brevioribus,
1445 1951 1564 2005 spica
1611 1954 1798 1994 mascula

90 2011 284 2055 solitaria
306 2011 688 2064 clavato-oblonga.
714 2011 913 2055 femineis
943 2012 1012 2054 1-2
1036 2010 1353 2066 approximatis
1388 2010 1618 2053 sessilibus
1642 2011 1797 2061 oratis,

95 2070 280 2114 bracteis
304 2071 647 2114 membranaceis
671 2071 802 2114 susc-is
826 2072 1022 2115 breviter
1048 2069 1354 2123 vaginantibus
1382 2070 1422 2111 in
1463 2069 1664 2112 subulam
1704 2070 1799 2112 bre-

93 2141 188 2172 vem
215 2130 492 2183 abeuntibus,
516 2130 676 2184 glumis
699 2130 895 2174 obovatis
926 2131 992 2174 vel
1013 2129 1211 2182 oblongis
1234 2129 1530 2171 obtusissimis
1556 2129 1687 2171 luscis
1714 2129 1797 2171 late

89 2189 553 2232 albo-membranaceis
593 2190 947 2233 erosulo-ciliatis
992 2189 1136 2231 fructu
1173 2187 1390 2242 aequilatis
1417 2192 1459 2230 et
1496 2188 1795 2230 subbreviori-

93 2246 188 2300 bus,
227 2248 503 2302 stigmatibus
543 2248 703 2299 tribus,
743 2249 948 2293 utriculis
989 2247 1329 2302 pubescentibus
1376 2246 1573 2289 obovatis
1618 2247 1798 2299 trigonis

92 2308 285 2350 enerviis
313 2308 573 2350 brevissime
599 2307 832 2351 rostellatis
859 2320 935 2351 ore
961 2307 1144 2360 integris
1177 2307 1238 2353 Ql.
1266 2305 1401 2348 Rclib.
1420 2303 1570 2348 Germ.
1597 2306 1666 2359 fig.
1695 2306 1796 2347 636.

97 2389 145 2396 —
173 2364 212 2408 C.
235 2365 387 2408 citiam
411 2364 555 2409 Willd.
581 2391 627 2400 --
667 2366 711 2411 C.
737 2366 1073 2409 membranacea
1099 2367 1267 2420 Hoppe.

142 2437 244 2476 Hah.
262 2439 303 2475 in
321 2441 445 2486 siccis,
473 2440 672 2476 Caucasus
689 2440 852 2477 inferior
869 2441 934 2485 (C.
954 2440 1100 2485 Koch).
1119 2439 1149 2474 E
1168 2438 1319 2474 ditione
1339 2437 1516 2473 nondum
1537 2436 1634 2472 vidi.

143 2502 205 2538 Ar.
226 2503 361 2549 Geoqr.
379 2503 541 2550 Europa
566 2502 735 2540 borealis
757 2507 794 2539 et
825 2503 956 2540 media
988 2514 1012 2538 a
1042 2502 1308 2538 Scandinavia
1339 2504 1376 2537 et
1399 2501 1542 2537 Bossia
1579 2500 1726 2536 boreali
1763 2502 1799 2535 et

90 2550 259 2632 ῗὲιιῗὲιῖαὶί
287 2550 337 2586 ad
357 2551 572 2597 Pyreneos,
590 2551 721 2598 AlpeS,
741 2551 945 2597 regionem
967 2550 1244 2595 Danubialem,
1261 2549 1406 2585 Sibiria
1424 2548 1576 2584 Altaica
1608 2552 1644 2583 et
1674 2549 1799 2583 orien-

152 2704 219 2746 41.
262 2704 315 2750 C.
349 2705 654 2761 piluliiera
689 2707 758 2762 (L.
798 2707 869 2761 Sp.
917 2707 1052 2761 1385)
1087 2706 1230 2748 radice
1273 2704 1450 2755 librosa,
1495 2703 1604 2746 soliis
1641 2703 1798 2756 pallide

93 2762 338 2807 virentibus
384 2765 623 2809 linearibus
664 2767 821 2822 planis,
865 2767 1020 2810 culmis
1059 2765 1288 2819 triquetris
1335 2763 1570 2816 gracilibus
1625 2763 1796 2805 tandem

90 2821 674 2876 incurvo-decumbentibus,
718 2826 885 2879 spicula
936 2826 1126 2868 mascula
1172 2823 1368 2866 solitaria
1423 2822 1796 2875 oblongo-lineari,

93 2880 294 2924 femineis
316 2883 392 2924 3-4
416 2884 732 2937 approximatis
759 2884 988 2928 sessilibus
1016 2882 1359 2937 ovato-globosis
1387 2881 1648 2935 paucilloris‚
1679 2881 1796 2921 brac-

96 2940 164 2981 tea
183 2939 390 2984 inferiore
420 2953 502 2984 non
533 2943 762 2996 vaginante
790 2947 876 2986 tota
900 2943 1077 2986 foliacea
1101 2943 1302 2985 subulala
1330 2941 1538 2994 spIculam
1562 2943 1797 2992 superante

90 3001 137 3039 et
165 3009 280 3054 saepe
304 3000 495 3043 culmum
527 3006 742 3056 aequante‚
774 3003 935 3057 glumis
963 3003 1101 3044 ovatis
1136 3000 1395 3044 acuminatis
1419 2999 1603 3040 l'ructum
1624 3009 1797 3051 aequan-
