2062 3314
260 199 331 236 354
997 198 1213 225 JUNCACEAE
1784 187 1963 226 Juncus..

258 282 434 318 Libanus
451 277 564 323 (ΒΝ),
588 274 766 320 Egyptus
785 270 836 306 ad
854 271 1134 307 Alexandriam
1155 270 1352 315 (Samari)
1372 271 1409 303 et
1438 268 1478 303 in
1497 267 1589 303 Oasi
1616 271 1741 314 parva.
1776 271 1900 310 (Asoh
1911 272 1958 315 r),

261 324 576 363 Transcaueasia
593 324 630 356 et
647 320 779 356 Persia
797 318 967 354 borealis
993 318 1044 353 ad
1076 318 1266 364 Caspium
1288 315 1349 360 (C.
1377 315 1422 351 A.
1460 314 1512 350 M.
1534 314 1678 360 Hohl),
1712 319 1750 352 et
1786 317 1825 352 in
1854 318 1967 364 Jugor-

260 374 406 410 Elbrus
424 371 576 416 (Buhse
595 370 634 413 l).

318 438 348 491 β
371 433 737 488 lonffl‘bracteatus
766 429 995 471 Bucheuau
1022 428 1062 470 in
1089 427 1166 469 litt.
1188 451 1240 456 —
1270 425 1457 467 Anthela
1487 425 1634 469 brevis
1675 427 1955 471 densiuscula

261 498 436 539 bractea
459 487 966 545 comp'resso-cylindrica
991 485 1284 539 8-9-pollicari
1318 484 1541 527 multoties
1574 489 1795 541 superata,
1833 486 1961 529 brace

261 561 330 599 tea
354 556 489 597 altera
513 549 658 592 brevis
680 546 895 589 anthelam
924 557 1118 599 aequans.

309 627 410 663 Hah.
433 627 472 661 in
498 622 662 668 Assyria
679 619 729 655 ad
751 619 836 654 Tell
853 617 948 653 Afar
973 618 1073 653 inter
1092 619 1266 653 montem
1285 614 1443 661 Sindjar
1462 617 1499 652 et
1528 615 1683 652 Mossul
1712 617 1948 663 (Hausskl).

309 693 372 727 Ar.
404 690 536 732 Geoqr.
576 684 729 730 Anglia,
764 680 897 718 Gallia
929 680 1177 716 occidentalis
1211 683 1248 714 et
1278 678 1474 722 australis,
1505 679 1710 726 Hispania,
1735 680 1961 727 Lusitania.

261 739 397 775 littora
415 734 624 778 Adriatica‚
643 732 775 767 Africa
806 727 988 771 borealis,
1020 728 1159 763 insulae
1193 726 1452 762 Canarienses
1486 729 1522 761 et
1556 727 1741 772 Azoricae,
1777 727 1957 775 Madera⁷

264 783 491 822 California.

849 894 860 903 '
888 894 898 905 ·
929 891 1098 937 Capsula
1117 889 1364 927 triloeularis.

322 1001 360 1041 6.
388 999 434 1041 J.
457 995 798 1040 maritimus
827 991 961 1045 (Lam.
986 993 1095 1034 Dict.
1120 992 1194 1039 111,
1221 1004 1260 1045 p.
1291 991 1398 1044 264)
1434 990 1668 1034 rhizomate
1695 991 1955 1036 horizontali

264 1061 456 1113 repente,
483 1055 634 1098 culmis
667 1052 914 1096 numerosis
948 1052 1087 1105 elatis,
1114 1051 1228 1093 foliis
1268 1050 1480 1093 teretibus
1519 1049 1779 1104 bracteaque
1819 1052 1958 1095 flores

263 1119 461 1170 aequante
500 1116 568 1156 vei
606 1113 667 1154 eis
708 1111 992 1153 subbreviore
1021 1109 1328 1164 pungentibus,
1357 1109 1539 1150 anthelae
1587 1110 1954 1164 supradeoompo·

262 1176 356 1218 sita}
393 1171 752 1229 pseudolateralis
793 1169 1048 1223 pedunculis
1083 1169 1207 1210 valde
1242 1167 1529 1221 inaequalibus
1565 1168 1734 1218 erectis,
1766 1169 1953 1212 floribus

264 1236 336 1275 02-7
383 1229 877 1282 fasciculam-congestis,
925 1227 1132 1281 perigonii
1183 1227 1329 1281 pallidi
1369 1226 1528 1280 phyllis
1580 1228 1955 1281 subinaequalibus

262 1292 455 1336 externis
486 1288 729 1332 lanceolatis
764 1287 901 1329 acutis
934 1287 1002 1329 vel
1042 1287 1295 1329 acuminatis
1328 1285 1610 1328 interioribus
1637 1287 1954 1330 obtusiusculis

261 1351 405 1393 rarius
445 1349 625 1397 obtusis,
667 1346 925 1390 staminibus
966 1346 1096 1393 senis,
1132 1346 1310 1398 capsula
1356 1344 1543 1397 elliptica
1584 1345 1738 1387 obtuse
1782 1347 1956 1399 trigona

260 1408 586 1463 abruptiuscule
615 1407 738 1447 acuta
779 1404 999 1458 perigonio
1037 1404 1279 1457 {equilonga
1311 1405 1377 1446 vel
1422 1403 1700 1456 sublongiore
1734 1405 1795 1450 Qt.
1843 1404 1952 1448 Host

261 1468 405 1509 Gram.
430 1467 514 1508 tab.
542 1468 609 1506 8⁸).
637 1489 685 1494 —
728 1463 862 1504 Rehb.
891 1462 1035 1505 Germ.
1074 1464 1142 1516 fig.
1168 1463 1268 1505 895.
1294 1487 1351 1493 —
1372 1462 1410 1504 J.
1439 1461 1613 1514 rigidus
1647 1463 1764 1506 Desf.
1794 1463 1881 1506 Au.
1916 1465 1966 1514 ΙΤ

263 1540 297 1580 ρ.
330 1527 412 1568 312
450 1539 502 1569 ex
536 1524 664 1567 Asch.
691 1546 747 1552 —
787 1522 829 1564 J.
876 1521 1232 1564 PontieusStev.
1263 1521 1390 1563 Verz.
1423 1521 1553 1563 Taur.
1592 1534 1630 1574 p.
1673 1523 1757 1564 346
1795 1522 1954 1577 (forma

260 1585 477 1628 interdum
504 1584 675 1625 bractea
701 1581 915 1624 anthelain
940 1581 1108 1633 longius
1136 1585 1371 1633 superante
1398 1582 1440 1622 et
1466 1580 1641 1634 capsula
1666 1581 1800 1635 magis
1826 1583 1954 1625 ovata

259 1645 412 1686 donata
438 1642 705 1686 intermediis
734 1641 786 1683 ad
804 1644 953 1693 typum
977 1640 1243 1693 transiens.).

305 1717 406 1752 Hal).
432 1718 470 1751 in
491 1715 666 1751 humidis
688 1713 803 1749 salsis
816 1713 1022 1748 maritimis
1044 1716 1079 1748 et
1098 1713 1361 1757 interioribus,
1376 1712 1529 1747 Graecia
1543 1712 1581 1747 in
1598 1713 1727 1748 Attica
1746 1713 1894 1760 (Sprun
1911 1715 1954 1759 l),

258 1764 528 1809 Peloponneso
547 1763 595 1797 ad
616 1761 847 1797 Corinthum
865 1760 1057 1804 (Heldrl),
1076 1760 1191 1795 Creta
1211 1760 1342 1803 (Siebt
1363 1759 1463 1795 Rau}
1480 1761 1516 1805 l),
1538 1759 1768 1795 Macedonia
1785 1761 1898 1804 (Friv
1913 1762 1957 1806 Ι),

259 1811 493 1856 Byzantium
512 1810 672 1853 (Posti),
690 1808 834 1843 Tauria
855 1807 1008 1852 (Stev.)‚
1032 1807 1340 1843 Transeaucasia
1358 1807 1408 1841 ad
1436 1806 1622 1842 Sadchuk
1642 1807 1743 1842 Kule
1773 1807 1821 1842 ad
1844 1818 1954 1843 mare

260 1859 413 1903 nigrum
434 1861 470 1893 et
487 1857 537 1892 ad
558 1856 669 1892 Baku
690 1856 738 1890 ad
761 1856 950 1900 Caspium
980 1854 1040 1898 (C.
1062 1856 1106 1889 A.
1128 1855 1217 1898 Mt),
1244 1855 1378 1890 Persia
1406 1853 1577 1889 borealis
1596 1854 1638 1889 in
1665 1855 1814 1890 ditione
1842 1855 1953 1891 Kho-

259 1916 394 1940 rassan
416 1905 513 1951 (ssge
529 1906 568 1950 l),
596 1903 761 1948 Assyria
777 1902 825 1937 ad
846 1901 997 1937 Kerkut
1016 1901 1195 1946 (Haussk
1210 1903 1252 1946 !).

314 1972 343 2025 β
367 1970 578 2012 Arabicus
599 1970 726 2012 Aseh.
750 1973 792 2010 et
810 1968 937 2009 Buch.
965 1968 1008 2010 in
1032 1967 1182 2011 Sched.
1208 1992 1264 1998 —-
1282 1966 1467 2020 Capsula
1491 1966 1941 2020 elliptico-lanceolata

261 2030 419 2084 phyllis
446 2030 669 2071 manifeste
691 2028 856 2080 longior
879 2027 1038 2069 sensim
1076 2038 1153 2068 nec
1180 2026 1363 2079 abrupte
1394 2029 1579 2068 acutata.
1613 2026 1655 2068 J.
1695 2026 1953 2068 maritimus

261 2089 347 2130 Del.
373 2101 426 2131 ex
460 2089 588 2130 Asch.
615 2111 669 2117 —
696 2087 739 2129 J.
769 2086 977 2139 spinosus
1012 2085 1163 2128 Forsk.
1197 2086 1269 2138 Eg.
1314 2085 1444 2127 Arab.
1470 2098 1509 2138 p.
1552 2086 1619 2127 75.
1645 2110 1699 2115 —
1722 2085 1762 2128 J.
1788 2085 1960 2126 deserti·

257 2148 409 2190 Caruel
434 2151 488 2202 pl.
516 2160 604 2189 exs.

305 2222 403 2257 Hab.
426 2223 465 2257 in
481 2222 621 2267 Egypti
640 2221 722 2256 oasi
741 2219 927 2256 Farafrah
939 2219 1060 2263 (Aseh
1077 2220 1117 2263 l),
1131 2228 1253 2264 prope
1265 2218 1367 2253 Suez
1383 2216 1596 2262 (Cameli),
1612 2217 1956 2264 injugoSinaitieo

256 2270 381 2307 ‹Bova›
395 2272 421 2314 l)
445 2273 480 2304 et
499 2271 547 2304 ad
570 2268 782 2314 Raphidim
803 2267 996 2313 (Schimp.
1015 2277 1093 2301 exs.
1120 2266 1190 2301 495
1209 2268 1246 2301 et
1263 2265 1333 2300 287
1354 2264 1432 2299 sub
1454 2264 1487 2300 J.
1503 2265 1647 2311 ,qlauco
1678 2266 1826 2300 mixtus
1861 2275 1954 2300 eun}

255 2316 287 2351 J.
312 2317 426 2362 effusi
451 2317 662 2362 specimine
680 2315 862 2361 panicula
879 2313 1091 2359 elongata),
1109 2313 1239 2349 Persia
1260 2312 1666 2347 austro-occidentalis
1686 2313 1736 2347 ad
1765 2311 1947 2347 Saburab

255 2363 482 2408 (Hausskl).

301 2427 363 2461 Ar.
388 2427 521 2471 Geoqr.
551 2426 769 2469 Britannia,
790 2424 966 2468 Batavia,
988 2424 1128 2468 Dama,
1149 2422 1412 2458 Scandinavia
1432 2421 1714 2466 meridionalis,
1731 2422 1955 2457 Germania.

252 2474 432 2517 boream,
461 2474 674 2517 Lusitania,
702 2473 908 2518 Hispania,
927 2471 1067 2516 Gallia,
1084 2470 1209 2516 Italia,
1231 2470 1443 2512 Dalmatia,
1465 2469 1600 2504 Africa
1616 2468 1800 2511 borealis,

884 2632 903 2689 ξ
937 2634 978 2675 3.
1015 2630 1303 2676 Subulati.

309 2765 345 2806 7.
369 2765 413 2806 J.
443 2764 761 2807 subulatus
789 2763 945 2819 (Forsk
967 2762 1041 2814 Ag.
1067 2762 1200 2803 Arab.
1231 2774 1269 2815 p.
1299 2760 1374 2814 75)
1415 2760 1648 2804 rhizomate
1689 2760 1945 2803 horizontali

249 2835 397 2865 crasso
435 2824 516 2864 late
555 2822 749 2876 repente,
780 2823 934 2864 culmis
972 2820 1172 2874 pluribus
1210 2818 1420 2862 teretibus
1454 2820 1578 2862 elatis
1622 2819 1793 2871 solimis,
1830 2819 1948 2861 foliis

251 2882 464 2924 teretibus
499 2882 723 2931 fistulosis,
754 2881 924 2924 anthela
962 2879 1176 2921 terminali
1215 2879 1311 2921 folio
1347 2878 1467 2919 brevi
1504 2878 1556 2919 ad
1595 2878 1791 2931 vaginam
1829 2889 1945 2931 saepe

249 2940 428 2983 reducto
457 2941 636 2983 suffulta
661 2939 1089 2994 supradeeomposita
1111 2939 1306 2991 elongata
1322 2937 1657 2990 paniculaeiormi
1682 2937 1953 2990 pedunculis-
