2062 3314
152 234 179 271 8
795 235 1206 265 HYDROCHARITACEAE
1613 222 1840 263 Phalassia.

153 314 334 368 Magnus
361 312 492 356 Sitzb.
515 311 688 353 Naturf.
713 309 915 352 Freunde
941 308 1090 352 Berlin
1118 306 1229 349 1870
1252 318 1296 359 p.
1323 304 1420 359 86),
1445 304 1610 358 spathae
1645 307 1854 350 mascula?

151 372 313 427 phyllis
334 370 705 423 lineari—oblongis
722 367 1034 422 integerrimis,
1056 366 1240 410 floribus
1265 363 1462 407 femineis
1469 394 1543 406 .....
1580 370 1616 412 36
1647 365 1691 406 Τ.
1712 365 1844 408 Hem-

149 429 317 485 prichii
346 430 555 472 Aschers.

198 503 300 538 Hab.
319 502 362 537 in
378 502 499 537 maris
518 500 643 537 Rubri
664 499 827 535 vadosis
846 499 946 534 inter
969 497 1151 544 scopulos
1184 494 1395 539 corallinos
1428 494 1478 530 ad
1506 496 1669 532 Kosseir
1701 496 1846 541 (Klun-

155 549 288 595 zinger
301 550 326 594 l)
344 551 382 585 et
402 548 600 594 Djeddam
617 546 874 591 (Schweinfl)
894 546 962 581 ubi
979 542 1143 581 Kholc‘in
1163 542 1196 579 el
1224 541 1350 590 qacab
1375 542 1496 578 audit.

200 613 315 650 Folia
335 623 423 649 cum
443 612 599 657 vaginis
620 611 731 646 15-20
752 610 905 645 centim.
930 609 1050 654 longa
1082 608 1170 643 4-10
1198 617 1290 642 mm.
1311 607 1401 642 lata.
1431 606 1579 652 Spatha
1603 607 1781 643 mascula
1801 607 1860 644 251

154 671 260 705 mm,
278 661 349 695 flos
369 661 391 696 7
410 661 566 695 centim.
589 659 801 703 aequantes.
826 657 990 691 Fructus
1021 655 1160 690 viridis
1186 656 1297 689 nucis
1331 653 1525 689 avellanae
1559 655 1846 700 magnitudine.

155 707 293 743 Planta
313 706 568 753 Cymodoceae
581 705 739 741 nodosae
755 706 792 738 et
814 702 854 738 C.
881 703 1108 738 rotundatae
1126 701 1267 736 similis
1284 711 1307 735 a
1333 701 1477 747 quibus
1493 701 1622 747 primo
1652 703 1743 738 visu
1768 701 1852 737 dis-⁷

155 754 347 799 tinguitur
364 754 579 788 rhizomate
599 752 703 787 foliis
723 750 1071 796 squamiformibus
1091 748 1313 783 numerosis
1331 748 1484 783 obtecto
1505 751 1543 783 et
1569 748 1676 784 foliis
1708 758 1781 784 nec
1798 749 1848 784 li-

156 801 301 845 gulatis
318 810 389 836 nec
410 799 648 834 auriculatis.
670 801 703 834 A
729 798 861 832 nostra
881 798 1008 842 specie
1029 796 1159 831 differt
1198 795 1239 831 T.
1269 795 1507 830 testudinum
1534 795 1634 831 Kon.
1674 795 1725 831 ad
1757 805 1847 831 oras

158 847 280 882 Indiae
316 847 570 882 occidentalis
598 846 736 886 obvia;
766 853 853 890 quae
886 844 1021 889 planta
1053 843 1262 886 robustior,
1281 842 1364 876 folii
1395 843 1531 877 dentes
1560 852 1609 877 ex
1628 845 1737 888 parte
1760 842 1847 878 her-

155 894 265 929 bacei
285 904 333 929 ex
353 893 508 929 cellulis
527 893 624 938 ipsis
643 895 680 927 et
704 901 838 927 earum
858 890 1108 936 processibus
1125 899 1197 924 nec
1212 900 1262 924 ex
1281 888 1376 924 solis
1396 890 1645 935 processibus
1673 889 1850 935 formati,

158 941 310 986 spathae
333 941 518 976 masculae
542 939 700 974 tandem
721 949 769 973 ex
790 940 834 973 cl.
859 938 988 982 Konig
1007 936 1148 983 phylla
1165 936 1430 982 irregulariter
1452 936 1658 972 serrulam.
1678 935 1846 972 Thalas-

154 988 224 1023 siae
250 987 489 1024 testudinum
509 987 624 1021 ssores
644 985 821 1029 masculi,
845 983 886 1019 T.
922 983 1170 1029 Hemprz‘chiz'
1199 987 1332 1018 autem
1366 983 1482 1018 flores
1502 983 1674 1019 faeminei
1701 987 1855 1029 praesto·

155 1034 261 1070 haud
279 1037 380 1079 sunt,
397 1036 438 1069 in
451 1033 629 1069 femineis
650 1033 792 1079 speciei
813 1031 953 1077 prioris
974 1031 1124 1076 spathae
1147 1030 1285 1076 phylla
1302 1030 1505 1066 serrulata.

203 1098 268 1133 Ar.
291 1098 424 1142 Geogr.
453 1096 630 1131 Oceanus
650 1096 807 1130 Indicus
828 1095 866 1129 et
888 1094 1076 1129 Pacificus
1097 1093 1147 1128 ad
1166 1103 1253 1129 oras
1283 1093 1424 1128 Atricae
1460 1096 1498 1129 et
1533 1093 1639 1128 Asiae
1673 1093 1850 1139 tropicae,

158 1143 445 1190 Archipelagus
465 1143 634 1186 Indicus,
652 1142 876 1178 Melanesia.

284 1274 362 1315 Ta.
385 1271 457 1313 IV.
482 1270 825 1314 HYDRlLLEAE
850 1269 995 1325 (Casp.
1019 1269 1063 1311 in
1080 1269 1284 1322 Pringsh.
1305 1268 1453 1312 Jahrb.
1473 1269 1506 1320 Ι,
1532 1283 1572 1324 p.
1602 1269 1718 1322 493).

215 1398 364 1440 Pollen
388 1397 624 1450 globosum.
651 1396 856 1439 Ovarium
882 1395 1150 1438 uniloculare
1179 1395 1386 1448 plac-entis
1412 1395 1714 1448 parietalibus.
1733 1393 1851 1448 Stig-

158 1461 273 1499 mata
296 1457 390 1498 trIa.
418 1456 534 1498 Folia
557 1456 738 1505 sessffia,
766 1467 916 1509 parva,
942 1455 1210 1505 verticillata,
1243 1455 1389 1496 rarius
1407 1466 1575 1508 sparsa.

294 1580 546 1629 nYanLLA
577 1580 642 1642 (L.
675 1580 719 1627 G.
745 1579 860 1627 Rich.
901 1579 1018 1627 Mem.
1055 1580 1154 1626 lnst.
1184 1578 1317 1634 1811,
1354 1579 1395 1636 2,
1433 1578 1484 1626 61
1526 1579 1611 1627 tab.
1642 1579 1704 1639 2).

216 1699 363 1741 Flores
387 1698 524 1741 dioici.
554 1698 684 1740 Maso.
714 1698 872 1751 Spatha
898 1698 1356 1750 sessilisisubglobosa
1389 1699 1692 1751 irregulariter
1715 1701 1851 1752 rupta

157 1757 265 1801 flore
285 1758 411 1800 unico
440 1758 704 1811 pedicellato.
742 1758 1019 1811 Perigonium
1048 1757 1335 1810 sexpartitum
1361 1757 1526 1799 laciniis
1552 1758 1854 1800 exterioribus-

159 1817 380 1869 calycinis,
418 1817 700 1858 interioribus
730 1816 999 1869 petaloideis.
1040 1816 1229 1859 Stamina
1257 1817 1341 1858 tria
1365 1816 1529 1858 laciniis
1554 1816 1849 1859 exterioribus

158 1876 368 1928 opposita,
388 1876 604 1917 sslamenta
621 1876 766 1917 brevia
787 1875 1020 1925 sslisormia‚
1036 1875 1226 1917 antherae
1248 1878 1385 1917 ovatae
1404 1876 1555 1918 loculis
1575 1875 1688 1918 binis
1711 1877 1848 1919 conti-

156 1934 267 1986 guis.
294 1933 406 1976 Fem.
436 1934 593 1987 Spatha
618 1935 784 1976 sessilis
809 1934 1013 1976 tubulosa
1039 1934 1223 1976 unissora
1247 1945 1322 1975 ore
1346 1933 1518 1987 obliquo
1552 1935 1660 1976 flore
1688 1934 1844 1977 sessili.

157 1992 375 2046 Perigonii
411 1994 542 2036 tubus
583 1993 794 2035 filisormis
830 1994 1056 2045 elongatus
1089 1993 1180 2035 basi
1225 1993 1372 2034 ovario
1415 1998 1639 2042 eonnatus,
1683 1994 1847 2036 limbus

156 2052 424 2104 sexpartitus
465 2052 622 2106 phyllis
660 2053 853 2095 externis
880 2052 1100 2105 calycinis‚
1123 2052 1307 2093 internis
1335 2052 1601 2107 petaloideis.
1634 2052 1850 2095 Ovarium-

153 2110 363 2162 placentis
388 2111 540 2159 ternis,
566 2112 692 2153 ovula
716 2111 899 2164 plurima
933 2111 1212 2153 ascendentia
1242 2116 1462 2164 anatropa.
1489 2111 1639 2164 Stylus
1675 2111 1845 2154 setifor-

153 2168 235 2209 mis
261 2170 486 2222 elongatus
514 2181 610 2211 cum
638 2170 740 2212 tubo
766 2170 977 2223 perigonii
1018 2173 1244 2220 conflatus,
1274 2169 1476 2223 stigmata
1503 2170 1846 2213 lineari-lanceo-

152 2226 235 2268 lata
260 2227 458 2277 indivisa,
484 2230 609 2270 bacca
642 2229 894 2281 subtrigona
933 2228 1225 2271 unilocularis.
1259 2227 1430 2270 Semina
1452 2230 1578 2282 paula
1603 2228 1846 2282 cylindrica

151 2287 438 2328 ascendentia.
472 2311 520 2317 —
558 2287 698 2329 Herba
722 2289 894 2341 gracilis
933 2288 1182 2338 submersa,
1211 2287 1396 2329 floribus
1418 2289 1681 2331 natantibus.

213 2387 250 2428 1.
292 2387 360 2429 Η.
395 2386 757 2431 verticillata
807 2388 966 2443 (Roxb.
1016 2387 1186 2430 Corom.
1219 2387 1305 2430 tab.
1348 2389 1427 2429 164
1466 2388 1547 2430 sub
1592 2386 1847 2441 Serpiculcz)

145 2446 268 2487 caule.
292 2446 487 2498 elongato
512 2447 631 2489 tenui
650 2447 859 2498 fluitante,
873 2447 982 2490 foliis
1001 2449 1075 2489 3-ss
1098 2446 1368 2490 verticillatis
1393 2446 1620 2489 sessilibus
1643 2447 1845 2499 oblongo·

144 2504 213 2544 vel
240 2504 936 2549 lineari-lanceolatis.serrulatis.
965 2506 1099 2548 Maso.
1137 2505 1304 2560 spathis
1330 2505 1587 2548 axillaribus
1612 2505 1850 2548 sessilibus

149 2563 309 2605 1-4-nis
350 2564 497 2617 parvis
538 2564 726 2616 globosis
750 2565 987 2615 muricatis,
1030 2565 1241 2619 perigonii
1279 2565 1438 2618 phyllis
1471 2565 1665 2607 externis
1700 2564 1841 2607 ovatis

142 2619 330 2663 internis
365 2623 776 2676 comato-oblongis.
808 2624 921 2666 Fem.
960 2624 1120 2678 Spalha
1150 2625 1285 2667 multo
1327 2624 1487 2677 majore
1525 2623 1694 2666 axillari
1738 2623 1841 2666 soli-

144 2680 253 2722 taria
278 2681 492 2732 tubulosa‚
514 2681 639 2724 bacca
677 2683 872 2735 elongata
912 2682 1211 2737 siliquaeformi
1252 2690 1288 2732 36
1327 2682 1380 2724 H.
1414 2681 1682 2724 verticillata
1716 2681 1840 2724 Rich.

145 2740 226 2788 loe.
247 2740 317 2782 cit.
348 2739 492 2782 Udora
521 2739 796 2782 occidentalis
814 2741 932 2784 Koch
956 2755 1053 2796 syn.

192 2813 293 2849 Hab.
315 2813 355 2849 in
376 2814 520 2859 fluviis,
539 2814 699 2849 ditionis
718 2815 815 2850 civis
838 2815 969 2860 dubia,
988 2816 1028 2851 in
1046 2816 1168 2852 Indiae
1188 2815 1393 2852 orientalis
1419 2816 1534 2864 aquis
1554 2815 1728 2862 copiosa,
1747 2824 1841 2862 pro-

143 2860 332 2896 babiliter
349 2861 390 2896 in
417 2861 642 2896 Belutschia
657 2862 842 2897 calidiore
859 2863 1099 2908 reperienda.

184 2926 247 2961 Ar.
275 2927 408 2970 Gooqr.
429 2926 671 2970 pomerania,
691 2927 863 2967 Prussia,
884 2928 1107 2973 Lithuania‚
1124 2928 1237 2964 India
1257 2927 1470 2975 orientalis,
1493 2927 1634 2973 Chinat,
1652 2927 1838 2975 samnia,

132 2971 419 3018 Archipelagus
437 2972 604 3018 Indicus,
624 2974 833 3021 Australia,
851 2975 995 3011 Insulae
1014 2975 1157 3011 Africae
1176 2975 1314 3011 orient.
