<?xml version="1.0" encoding="UTF-8"?>
<!DOCTYPE html PUBLIC "-//W3C//DTD XHTML 1.0 Transitional//EN"
    "http://www.w3.org/TR/xhtml1/DTD/xhtml1-transitional.dtd">
<html xmlns="http://www.w3.org/1999/xhtml" xml:lang="en" lang="en">
 <head>
  <title>
</title>
<meta http-equiv="Content-Type" content="text/html;charset=utf-8" />
  <meta name='ocr-system' content='tesseract 3.04.00' />
  <meta name='ocr-capabilities' content='ocr_page ocr_carea ocr_par ocr_line ocrx_word'/>
</head>
<body>
  <div class='ocr_page' id='page_1' title='image "./floraorientaliss05bois_0482.png"; bbox 0 0 2062 3314; ppageno 0'>
   <div class='ocr_carea' id='block_1_1' title="bbox 196 196 1892 238">
    <p class='ocr_par' dir='ltr' id='par_1_1' title="bbox 196 196 1892 238">
     <span class='ocr_line' id='line_1_1' title="bbox 196 196 1892 238; baseline 0.004 -9"><span class='ocrx_word' id='word_1_1' title='bbox 196 202 268 238; x_wconf 82' lang='lat'>474</span> <span class='ocrx_word' id='word_1_2' title='bbox 935 206 1161 233; x_wconf 79' lang='lat' dir='ltr'>GRAMINEAE</span> <span class='ocrx_word' id='word_1_3' title='bbox 1682 196 1892 235; x_wconf 72' lang='lat' dir='ltr'>Phalaris.</span> 
     </span>
    </p>
   </div>
   <div class='ocr_carea' id='block_1_2' title="bbox 198 278 1899 444">
    <p class='ocr_par' dir='ltr' id='par_1_2' title="bbox 198 278 1899 444">
     <span class='ocr_line' id='line_1_2' title="bbox 198 278 1899 336; baseline -0.001 -10"><span class='ocrx_word' id='word_1_4' title='bbox 198 284 275 327; x_wconf 88' lang='lat' dir='ltr'>bro</span> <span class='ocrx_word' id='word_1_5' title='bbox 298 283 457 336; x_wconf 78' lang='lat' dir='ltr'>glumis</span> <span class='ocrx_word' id='word_1_6' title='bbox 480 281 696 334; x_wconf 81' lang='lat' dir='ltr'>subtriplo</span> <span class='ocrx_word' id='word_1_7' title='bbox 728 280 943 330; x_wconf 87' lang='lat' dir='ltr'>breviore,</span> <span class='ocrx_word' id='word_1_8' title='bbox 969 281 1163 334; x_wconf 80' lang='lat' dir='ltr'>squamis</span> <span class='ocrx_word' id='word_1_9' title='bbox 1183 279 1353 322; x_wconf 78' lang='lat' dir='ltr'>neutris</span> <span class='ocrx_word' id='word_1_10' title='bbox 1378 278 1583 322; x_wconf 81' lang='lat' dir='ltr'>obsoletis</span> <span class='ocrx_word' id='word_1_11' title='bbox 1609 280 1672 322; x_wconf 86' lang='lat' dir='ltr'>vel</span> <span class='ocrx_word' id='word_1_12' title='bbox 1701 281 1899 324; x_wconf 81' lang='lat' dir='ltr'>minimis</span> 
     </span>
     <span class='ocr_line' id='line_1_3' title="bbox 199 337 1898 391; baseline -0.001 -6"><span class='ocrx_word' id='word_1_13' title='bbox 199 344 380 385; x_wconf 82' lang='lat' dir='ltr'>setaceis</span> <span class='ocrx_word' id='word_1_14' title='bbox 426 348 485 389; x_wconf 69' lang='lat'>26.</span> <span class='ocrx_word' id='word_1_15' title='bbox 521 339 601 382; x_wconf 66' lang='lat' dir='ltr'>Ple.</span> <span class='ocrx_word' id='word_1_16' title='bbox 630 338 834 391; x_wconf 73' lang='lat' dir='ltr'>aquatica</span> <span class='ocrx_word' id='word_1_17' title='bbox 867 339 1024 382; x_wconf 83' lang='lat' dir='ltr'>Bertol.</span> <span class='ocrx_word' id='word_1_18' title='bbox 1063 339 1126 381; x_wconf 88' lang='lat' dir='ltr'>Fl.</span> <span class='ocrx_word' id='word_1_19' title='bbox 1160 339 1256 382; x_wconf 87' lang='lat' dir='ltr'>Ital.</span> <span class='ocrx_word' id='word_1_20' title='bbox 1294 338 1428 381; x_wconf 79' lang='lat' dir='ltr'>Koch.</span> <span class='ocrx_word' id='word_1_21' title='bbox 1469 337 1575 391; x_wconf 76' lang='lat' dir='ltr'><strong>Syn.</strong></span> <span class='ocrx_word' id='word_1_22' title='bbox 1608 351 1695 382; x_wconf 91' lang='lat' dir='ltr'>non</span> <span class='ocrx_word' id='word_1_23' title='bbox 1736 340 1785 382; x_wconf 90' lang='lat' dir='ltr'>L.</span> <span class='ocrx_word' id='word_1_24' title='bbox 1818 352 1898 384; x_wconf 87' lang='lat' dir='ltr'>nec</span> 
     </span>
     <span class='ocr_line' id='line_1_4' title="bbox 198 396 1668 444; baseline -0.002 -1"><span class='ocrx_word' id='word_1_25' title='bbox 198 402 319 444; x_wconf 86' lang='lat' dir='ltr'>Desf.</span> <span class='ocrx_word' id='word_1_26' title='bbox 350 423 405 430; x_wconf 89' lang='grc'>-</span> <span class='ocrx_word' id='word_1_27' title='bbox 434 399 516 442; x_wconf 79' lang='lat' dir='ltr'>Ph.</span> <span class='ocrx_word' id='word_1_28' title='bbox 543 397 723 440; x_wconf 77' lang='lat' dir='ltr'>bulbosa</span> <span class='ocrx_word' id='word_1_29' title='bbox 747 396 845 439; x_wconf 76' lang='lat' dir='ltr'>Gav.</span> <span class='ocrx_word' id='word_1_30' title='bbox 868 397 921 439; x_wconf 86' lang='lat' dir='ltr'>Ic.</span> <span class='ocrx_word' id='word_1_31' title='bbox 950 398 1043 441; x_wconf 86' lang='lat' dir='ltr'>tab.</span> <span class='ocrx_word' id='word_1_32' title='bbox 1076 399 1148 441; x_wconf 98' lang='lat'><strong>64.</strong></span> <span class='ocrx_word' id='word_1_33' title='bbox 1181 421 1231 428; x_wconf 87' lang='lat'>-·</span> <span class='ocrx_word' id='word_1_34' title='bbox 1259 397 1379 439; x_wconf 74' lang='lat' dir='ltr'>Trin.</span> <span class='ocrx_word' id='word_1_35' title='bbox 1404 396 1459 440; x_wconf 90' lang='lat' dir='ltr'>Ic.</span> <span class='ocrx_word' id='word_1_36' title='bbox 1486 397 1573 439; x_wconf 85' lang='lat' dir='ltr'>tab.</span> <span class='ocrx_word' id='word_1_37' title='bbox 1599 399 1668 440; x_wconf 86' lang='lat'><strong>76.</strong></span> 
     </span>
    </p>
   </div>
   <div class='ocr_carea' id='block_1_3' title="bbox 243 469 1890 520">
    <p class='ocr_par' dir='ltr' id='par_1_3' title="bbox 243 469 1890 520">
     <span class='ocr_line' id='line_1_5' title="bbox 243 469 1890 520; baseline -0.001 -10"><span class='ocrx_word' id='word_1_38' title='bbox 243 474 347 510; x_wconf 86' lang='lat' dir='ltr'>Hah.</span> <span class='ocrx_word' id='word_1_39' title='bbox 368 474 409 509; x_wconf 86' lang='lat' dir='ltr'>in</span> <span class='ocrx_word' id='word_1_40' title='bbox 425 472 612 518; x_wconf 83' lang='lat' dir='ltr'>humidis,</span> <span class='ocrx_word' id='word_1_41' title='bbox 634 482 680 508; x_wconf 86' lang='lat' dir='ltr'>ex</span> <span class='ocrx_word' id='word_1_42' title='bbox 702 471 847 506; x_wconf 81' lang='lat' dir='ltr'>ditione</span> <span class='ocrx_word' id='word_1_43' title='bbox 866 471 1072 518; x_wconf 86' lang='lat' dir='ltr'>hucusque</span> <span class='ocrx_word' id='word_1_44' title='bbox 1093 471 1247 506; x_wconf 89' lang='lat' dir='ltr'>tantum</span> <span class='ocrx_word' id='word_1_45' title='bbox 1274 480 1322 506; x_wconf 82' lang='lat' dir='ltr'>ex</span> <span class='ocrx_word' id='word_1_46' title='bbox 1340 470 1472 504; x_wconf 81' lang='lat' dir='ltr'>insula</span> <span class='ocrx_word' id='word_1_47' title='bbox 1490 469 1680 507; x_wconf 85' lang='lat' dir='ltr'>Zacintho</span> <span class='ocrx_word' id='word_1_48' title='bbox 1701 472 1890 520; x_wconf 60' lang='lat' dir='ltr'>(Margo.</span> 
     </span>
    </p>
   </div>
   <div class='ocr_carea' id='block_1_4' title="bbox 196 534 1898 678">
    <p class='ocr_par' dir='ltr' id='par_1_4' title="bbox 196 534 1898 678">
     <span class='ocr_line' id='line_1_6' title="bbox 244 534 1895 585; baseline -0.001 -11"><span class='ocrx_word' id='word_1_49' title='bbox 244 537 315 574; x_wconf 75' lang='lat' dir='ltr'>Ph.</span> <span class='ocrx_word' id='word_1_50' title='bbox 335 537 533 585; x_wconf 76' lang='lat' dir='ltr'>aquatica.</span> <span class='ocrx_word' id='word_1_51' title='bbox 557 536 613 572; x_wconf 88' lang='lat' dir='ltr'>Fl.</span> <span class='ocrx_word' id='word_1_52' title='bbox 633 537 781 579; x_wconf 76' lang='lat' dir='ltr'>Graeca,</span> <span class='ocrx_word' id='word_1_53' title='bbox 801 534 879 570; x_wconf 81' lang='lat' dir='ltr'>tab.</span> <span class='ocrx_word' id='word_1_54' title='bbox 900 535 958 581; x_wconf 85' lang='lat'>57,</span> <span class='ocrx_word' id='word_1_55' title='bbox 991 536 1031 570; x_wconf 89' lang='lat' dir='ltr'>in</span> <span class='ocrx_word' id='word_1_56' title='bbox 1065 535 1228 581; x_wconf 82' lang='lat' dir='ltr'>aquosis</span> <span class='ocrx_word' id='word_1_57' title='bbox 1262 534 1369 570; x_wconf 87' lang='lat' dir='ltr'>Asiae</span> <span class='ocrx_word' id='word_1_58' title='bbox 1405 534 1571 570; x_wconf 87' lang='lat' dir='ltr'>minoris</span> <span class='ocrx_word' id='word_1_59' title='bbox 1591 545 1639 571; x_wconf 85' lang='lat' dir='ltr'>ex</span> <span class='ocrx_word' id='word_1_60' title='bbox 1657 536 1769 572; x_wconf 90' lang='lat' dir='ltr'>icone</span> <span class='ocrx_word' id='word_1_61' title='bbox 1790 536 1895 573; x_wconf 85' lang='lat' dir='ltr'>hanc</span> 
     </span>
     <span class='ocr_line' id='line_1_7' title="bbox 197 581 1898 628; baseline -0.001 -7"><span class='ocrx_word' id='word_1_62' title='bbox 197 597 214 621; x_wconf 93' lang='lat' dir='ltr'>s</span> <span class='ocrx_word' id='word_1_63' title='bbox 246 589 364 621; x_wconf 81' lang='lat' dir='ltr'>eciem</span> <span class='ocrx_word' id='word_1_64' title='bbox 386 586 546 620; x_wconf 90' lang='lat' dir='ltr'>omnino</span> <span class='ocrx_word' id='word_1_65' title='bbox 578 584 694 619; x_wconf 81' lang='lat' dir='ltr'>refert</span> <span class='ocrx_word' id='word_1_66' title='bbox 724 581 794 617; x_wconf 86' lang='lat' dir='ltr'>sed</span> <span class='ocrx_word' id='word_1_67' title='bbox 823 582 862 616; x_wconf 93' lang='lat' dir='ltr'>in</span> <span class='ocrx_word' id='word_1_68' title='bbox 881 582 1038 628; x_wconf 89' lang='lat' dir='ltr'>analysi</span> <span class='ocrx_word' id='word_1_69' title='bbox 1064 582 1254 617; x_wconf 88' lang='lat' dir='ltr'>flosculus</span> <span class='ocrx_word' id='word_1_70' title='bbox 1288 581 1430 617; x_wconf 87' lang='lat' dir='ltr'>fertilis</span> <span class='ocrx_word' id='word_1_71' title='bbox 1460 582 1798 619; x_wconf 84' lang='lat' dir='ltr'>sericeo-villosus</span> <span class='ocrx_word' id='word_1_72' title='bbox 1823 594 1898 620; x_wconf 90' lang='lat' dir='ltr'>nec</span> 
     </span>
     <span class='ocr_line' id='line_1_8' title="bbox 196 628 1382 678; baseline -0.004 -10"><span class='ocrx_word' id='word_1_73' title='bbox 196 643 219 678; x_wconf 84' lang='lat' dir='ltr'>g</span> <span class='ocrx_word' id='word_1_74' title='bbox 238 633 331 668; x_wconf 82' lang='lat' dir='ltr'>aher</span> <span class='ocrx_word' id='word_1_75' title='bbox 354 634 392 667; x_wconf 88' lang='lat' dir='ltr'>et</span> <span class='ocrx_word' id='word_1_76' title='bbox 417 633 642 677; x_wconf 84' lang='lat' dir='ltr'>glumarum</span> <span class='ocrx_word' id='word_1_77' title='bbox 663 629 736 665; x_wconf 80' lang='lat' dir='ltr'>alae</span> <span class='ocrx_word' id='word_1_78' title='bbox 756 638 834 664; x_wconf 91' lang='lat' dir='ltr'>non</span> <span class='ocrx_word' id='word_1_79' title='bbox 857 631 919 664; x_wconf 85' lang='lat' dir='ltr'>sat</span> <span class='ocrx_word' id='word_1_80' title='bbox 938 630 1106 665; x_wconf 78' lang='lat' dir='ltr'>dentatae</span> <span class='ocrx_word' id='word_1_81' title='bbox 1132 628 1382 664; x_wconf 79' lang='lat' dir='ltr'>exhibentur.</span> 
     </span>
    </p>
   </div>
   <div class='ocr_carea' id='block_1_5' title="bbox 196 692 1900 780">
    <p class='ocr_par' dir='ltr' id='par_1_5' title="bbox 196 692 1900 780">
     <span class='ocr_line' id='line_1_9' title="bbox 243 692 1900 778; baseline -0.002 -45"><span class='ocrx_word' id='word_1_82' title='bbox 243 698 305 732; x_wconf 87' lang='lat' dir='ltr'>Ar.</span> <span class='ocrx_word' id='word_1_83' title='bbox 322 698 459 778; x_wconf 58' lang='grc' dir='ltr'>660ςῶ</span> <span class='ocrx_word' id='word_1_84' title='bbox 474 696 596 778; x_wconf 52' lang='grc' dir='ltr'>Ιὲθςίο</span> <span class='ocrx_word' id='word_1_85' title='bbox 618 695 910 730; x_wconf 84' lang='lat' dir='ltr'>mediterranea</span> <span class='ocrx_word' id='word_1_86' title='bbox 935 694 1108 740; x_wconf 78' lang='lat' dir='ltr'>Europae</span> <span class='ocrx_word' id='word_1_87' title='bbox 1137 695 1177 729; x_wconf 90' lang='lat' dir='ltr'>et</span> <span class='ocrx_word' id='word_1_88' title='bbox 1209 693 1351 729; x_wconf 83' lang='lat' dir='ltr'>Africae</span> <span class='ocrx_word' id='word_1_89' title='bbox 1384 692 1569 739; x_wconf 88' lang='lat' dir='ltr'>borealis,</span> <span class='ocrx_word' id='word_1_90' title='bbox 1603 694 1744 730; x_wconf 84' lang='lat' dir='ltr'>insulae</span> <span class='ocrx_word' id='word_1_91' title='bbox 1775 695 1900 730; x_wconf 87' lang='lat' dir='ltr'>Cana-</span> 
     </span>
     <span class='ocr_line' id='line_1_10' title="bbox 196 744 596 780; baseline -0.003 -1"><span class='ocrx_word' id='word_1_92' title='bbox 196 744 343 780; x_wconf 85' lang='lat' dir='ltr'>rienses</span> <span class='ocrx_word' id='word_1_93' title='bbox 363 746 402 779; x_wconf 90' lang='lat' dir='ltr'>et</span> <span class='ocrx_word' id='word_1_94' title='bbox 463 754 485 778; x_wconf 86' lang='lat' dir='ltr'>a</span> <span class='ocrx_word' id='word_1_95' title='bbox 516 754 596 778; x_wconf 83' lang='lat' dir='ltr'>era.</span> 
     </span>
    </p>
   </div>
   <div class='ocr_carea' id='block_1_6' title="bbox 197 896 1896 1012">
    <p class='ocr_par' dir='ltr' id='par_1_6' title="bbox 197 896 1896 1012">
     <span class='ocr_line' id='line_1_11' title="bbox 197 896 1896 953; baseline -0.001 -10"><span class='ocrx_word' id='word_1_96' title='bbox 197 900 320 944; x_wconf 82' lang='lat' dir='ltr'><strong>SECT.</strong></span> <span class='ocrx_word' id='word_1_97' title='bbox 366 899 420 941; x_wconf 91' lang='grc' dir='ltr'><strong>ΙΙ.</strong></span> <span class='ocrx_word' id='word_1_98' title='bbox 467 897 849 941; x_wconf 85' lang='lat' dir='ltr'><strong>BALDINGERA.</strong></span> <span class='ocrx_word' id='word_1_99' title='bbox 889 919 945 927; x_wconf 89' lang='lat'><strong>—</strong></span> <span class='ocrx_word' id='word_1_100' title='bbox 995 896 1165 939; x_wconf 85' lang='lat' dir='ltr'>Glumae</span> <span class='ocrx_word' id='word_1_101' title='bbox 1215 896 1345 939; x_wconf 86' lang='lat' dir='ltr'>dorso</span> <span class='ocrx_word' id='word_1_102' title='bbox 1389 909 1474 939; x_wconf 87' lang='lat' dir='ltr'>non</span> <span class='ocrx_word' id='word_1_103' title='bbox 1523 897 1656 941; x_wconf 83' lang='lat' dir='ltr'>alatae.</span> <span class='ocrx_word' id='word_1_104' title='bbox 1712 897 1896 953; x_wconf 84' lang='lat' dir='ltr'>Spiculae</span> 
     </span>
     <span class='ocr_line' id='line_1_12' title="bbox 819 957 1272 1012; baseline -0.004 -13"><span class='ocrx_word' id='word_1_105' title='bbox 819 957 1027 1012; x_wconf 80' lang='lat' dir='ltr'>utrinque</span> <span class='ocrx_word' id='word_1_106' title='bbox 1056 967 1272 999; x_wconf 82' lang='lat' dir='ltr'>convexae.</span> 
     </span>
    </p>
   </div>
   <div class='ocr_carea' id='block_1_7' title="bbox 193 1084 1898 1620">
    <p class='ocr_par' dir='ltr' id='par_1_7' title="bbox 193 1084 1898 1549">
     <span class='ocr_line' id='line_1_13' title="bbox 256 1084 1895 1141; baseline -0.002 -11"><span class='ocrx_word' id='word_1_107' title='bbox 256 1090 293 1130; x_wconf 74' lang='grc' dir='ltr'>8Δ</span> <span class='ocrx_word' id='word_1_108' title='bbox 327 1087 427 1130; x_wconf 89' lang='lat' dir='ltr'><strong>Ph.</strong></span> <span class='ocrx_word' id='word_1_109' title='bbox 467 1084 872 1130; x_wconf 79' lang='lat' dir='ltr'>arundinacea</span> <span class='ocrx_word' id='word_1_110' title='bbox 907 1085 975 1141; x_wconf 82' lang='lat' dir='ltr'>(L.</span> <span class='ocrx_word' id='word_1_111' title='bbox 1005 1085 1079 1138; x_wconf 85' lang='lat' dir='ltr'>Sp.</span> <span class='ocrx_word' id='word_1_112' title='bbox 1110 1084 1186 1139; x_wconf 85' lang='lat'>80)</span> <span class='ocrx_word' id='word_1_113' title='bbox 1230 1084 1448 1138; x_wconf 83' lang='lat' dir='ltr'>perennis,</span> <span class='ocrx_word' id='word_1_114' title='bbox 1481 1084 1657 1128; x_wconf 82' lang='lat' dir='ltr'>caudice</span> <span class='ocrx_word' id='word_1_115' title='bbox 1702 1088 1895 1138; x_wconf 83' lang='lat' dir='ltr'>repente,</span> 
     </span>
     <span class='ocr_line' id='line_1_14' title="bbox 197 1144 1896 1198; baseline -0.002 -9"><span class='ocrx_word' id='word_1_116' title='bbox 197 1146 351 1190; x_wconf 85' lang='lat' dir='ltr'>culmis</span> <span class='ocrx_word' id='word_1_117' title='bbox 404 1147 565 1188; x_wconf 86' lang='lat' dir='ltr'>crassis</span> <span class='ocrx_word' id='word_1_118' title='bbox 613 1145 739 1187; x_wconf 86' lang='lat' dir='ltr'>elatis</span> <span class='ocrx_word' id='word_1_119' title='bbox 791 1146 967 1198; x_wconf 83' lang='lat' dir='ltr'>foliosis,</span> <span class='ocrx_word' id='word_1_120' title='bbox 1010 1144 1206 1197; x_wconf 79' lang='lat' dir='ltr'>panicula</span> <span class='ocrx_word' id='word_1_121' title='bbox 1260 1144 1460 1197; x_wconf 76' lang='lat' dir='ltr'>elongata</span> <span class='ocrx_word' id='word_1_122' title='bbox 1503 1146 1673 1186; x_wconf 78' lang='lat' dir='ltr'>ramosa</span> <span class='ocrx_word' id='word_1_123' title='bbox 1722 1146 1896 1197; x_wconf 81' lang='lat' dir='ltr'>patente</span> 
     </span>
     <span class='ocr_line' id='line_1_15' title="bbox 197 1202 1897 1257; baseline -0.003 -9"><span class='ocrx_word' id='word_1_124' title='bbox 197 1207 371 1249; x_wconf 86' lang='lat' dir='ltr'>demum</span> <span class='ocrx_word' id='word_1_125' title='bbox 406 1206 641 1252; x_wconf 76' lang='lat' dir='ltr'>contracta,</span> <span class='ocrx_word' id='word_1_126' title='bbox 665 1205 824 1257; x_wconf 74' lang='lat' dir='ltr'>gliiinis</span> <span class='ocrx_word' id='word_1_127' title='bbox 858 1203 1105 1246; x_wconf 82' lang='lat' dir='ltr'>lanceolatis</span> <span class='ocrx_word' id='word_1_128' title='bbox 1131 1203 1389 1246; x_wconf 83' lang='lat' dir='ltr'>acuminatis</span> <span class='ocrx_word' id='word_1_129' title='bbox 1429 1203 1637 1257; x_wconf 84' lang='lat' dir='ltr'>utrinque</span> <span class='ocrx_word' id='word_1_130' title='bbox 1670 1202 1897 1255; x_wconf 84' lang='lat' dir='ltr'>binerviis⁷</span> 
     </span>
     <span class='ocr_line' id='line_1_16' title="bbox 195 1261 1894 1318; baseline -0.003 -11"><span class='ocrx_word' id='word_1_131' title='bbox 195 1265 374 1308; x_wconf 88' lang='lat' dir='ltr'>flosculo</span> <span class='ocrx_word' id='word_1_132' title='bbox 410 1263 764 1318; x_wconf 80' lang='lat' dir='ltr'>liermaphrodito</span> <span class='ocrx_word' id='word_1_133' title='bbox 798 1275 924 1316; x_wconf 85' lang='lat' dir='ltr'>parce</span> <span class='ocrx_word' id='word_1_134' title='bbox 956 1263 1117 1305; x_wconf 76' lang='lat' dir='ltr'>liii-tulo</span> <span class='ocrx_word' id='word_1_135' title='bbox 1157 1262 1316 1315; x_wconf 87' lang='lat' dir='ltr'>glumis</span> <span class='ocrx_word' id='word_1_136' title='bbox 1347 1262 1475 1304; x_wconf 78' lang='lat' dir='ltr'>tertia</span> <span class='ocrx_word' id='word_1_137' title='bbox 1513 1265 1635 1315; x_wconf 87' lang='lat' dir='ltr'>parte</span> <span class='ocrx_word' id='word_1_138' title='bbox 1674 1261 1894 1311; x_wconf 79' lang='lat' dir='ltr'>breviore,</span> 
     </span>
     <span class='ocr_line' id='line_1_17' title="bbox 195 1319 1894 1375; baseline -0.002 -10"><span class='ocrx_word' id='word_1_139' title='bbox 195 1323 389 1366; x_wconf 82' lang='lat' dir='ltr'>flosculis</span> <span class='ocrx_word' id='word_1_140' title='bbox 436 1324 606 1365; x_wconf 84' lang='lat' dir='ltr'>neutris</span> <span class='ocrx_word' id='word_1_141' title='bbox 650 1322 760 1363; x_wconf 89' lang='lat' dir='ltr'>binis</span> <span class='ocrx_word' id='word_1_142' title='bbox 808 1322 998 1364; x_wconf 88' lang='lat' dir='ltr'>minimis</span> <span class='ocrx_word' id='word_1_143' title='bbox 1046 1325 1230 1375; x_wconf 83' lang='lat' dir='ltr'>anguste</span> <span class='ocrx_word' id='word_1_144' title='bbox 1269 1320 1508 1363; x_wconf 79' lang='lat' dir='ltr'>linearibus</span> <span class='ocrx_word' id='word_1_145' title='bbox 1553 1322 1612 1367; x_wconf 63' lang='grc'>91.</span> <span class='ocrx_word' id='word_1_146' title='bbox 1655 1321 1776 1374; x_wconf 85' lang='lat' dir='ltr'>Engl.</span> <span class='ocrx_word' id='word_1_147' title='bbox 1809 1319 1894 1362; x_wconf 87' lang='lat' dir='ltr'>bot.</span> 
     </span>
     <span class='ocr_line' id='line_1_18' title="bbox 194 1378 1894 1432; baseline -0.001 -8"><span class='ocrx_word' id='word_1_148' title='bbox 194 1383 278 1425; x_wconf 77' lang='lat' dir='ltr'>tab.</span> <span class='ocrx_word' id='word_1_149' title='bbox 305 1383 401 1424; x_wconf 75' lang='lat'><strong>462.</strong></span> <span class='ocrx_word' id='word_1_150' title='bbox 426 1406 483 1412; x_wconf 80' lang='lat'>-</span> <span class='ocrx_word' id='word_1_151' title='bbox 518 1381 626 1422; x_wconf 88' lang='lat' dir='ltr'>Host</span> <span class='ocrx_word' id='word_1_152' title='bbox 652 1380 806 1423; x_wconf 82' lang='lat' dir='ltr'>Austr.</span> <span class='ocrx_word' id='word_1_153' title='bbox 839 1381 922 1422; x_wconf 90' lang='lat' dir='ltr'>tab.</span> <span class='ocrx_word' id='word_1_154' title='bbox 959 1381 1026 1422; x_wconf 79' lang='lat'><strong>33.</strong></span> <span class='ocrx_word' id='word_1_155' title='bbox 1056 1405 1100 1409; x_wconf 88' lang='lat'><em>-</em></span> <span class='ocrx_word' id='word_1_156' title='bbox 1149 1380 1334 1421; x_wconf 80' lang='lat' dir='ltr'>Arundo</span> <span class='ocrx_word' id='word_1_157' title='bbox 1365 1378 1559 1420; x_wconf 81' lang='lat' dir='ltr'>colorata</span> <span class='ocrx_word' id='word_1_158' title='bbox 1592 1379 1726 1421; x_wconf 85' lang='lat' dir='ltr'>Wild.</span> <span class='ocrx_word' id='word_1_159' title='bbox 1751 1378 1823 1432; x_wconf 87' lang='lat' dir='ltr'>Sp.</span> <span class='ocrx_word' id='word_1_160' title='bbox 1864 1379 1894 1423; x_wconf 91' lang='lat' dir='ltr'><strong>l.</strong></span> 
     </span>
     <span class='ocr_line' id='line_1_19' title="bbox 195 1437 1898 1491; baseline -0.003 -8"><span class='ocrx_word' id='word_1_161' title='bbox 195 1443 294 1484; x_wconf 80' lang='lat'><strong>457.</strong></span> <span class='ocrx_word' id='word_1_162' title='bbox 325 1465 382 1471; x_wconf 93' lang='lat'><strong>—</strong></span> <span class='ocrx_word' id='word_1_163' title='bbox 410 1439 750 1491; x_wconf 68' lang='lat' dir='ltr'>Calamam-ostis</span> <span class='ocrx_word' id='word_1_164' title='bbox 787 1439 981 1481; x_wconf 80' lang='lat' dir='ltr'>colorata</span> <span class='ocrx_word' id='word_1_165' title='bbox 1007 1439 1055 1480; x_wconf 91' lang='lat' dir='ltr'>D.</span> <span class='ocrx_word' id='word_1_166' title='bbox 1081 1438 1125 1480; x_wconf 90' lang='lat' dir='ltr'><strong>C.</strong></span> <span class='ocrx_word' id='word_1_167' title='bbox 1160 1438 1221 1479; x_wconf 90' lang='lat' dir='ltr'>Fl.</span> <span class='ocrx_word' id='word_1_168' title='bbox 1258 1438 1327 1481; x_wconf 84' lang='lat' dir='ltr'>Fr.</span> <span class='ocrx_word' id='word_1_169' title='bbox 1353 1438 1430 1482; x_wconf 83' lang='lat' dir='ltr'><strong>Ill.</strong></span> <span class='ocrx_word' id='word_1_170' title='bbox 1461 1439 1527 1479; x_wconf 66' lang='lat'>26.</span> <span class='ocrx_word' id='word_1_171' title='bbox 1558 1463 1611 1468; x_wconf 82' lang='lat'>——</span> <span class='ocrx_word' id='word_1_172' title='bbox 1653 1437 1898 1490; x_wconf 68' lang='lat' dir='ltr'>Diyraplcz&#39;s</span> 
     </span>
     <span class='ocr_line' id='line_1_20' title="bbox 193 1497 1791 1549; baseline -0.002 -8"><span class='ocrx_word' id='word_1_173' title='bbox 193 1499 494 1541; x_wconf 72' lang='lat' dir='ltr'>arundmacea</span> <span class='ocrx_word' id='word_1_174' title='bbox 519 1499 636 1540; x_wconf 90' lang='lat' dir='ltr'>Trin.</span> <span class='ocrx_word' id='word_1_175' title='bbox 664 1523 716 1528; x_wconf 91' lang='lat'><em>-</em></span> <span class='ocrx_word' id='word_1_176' title='bbox 744 1498 1011 1549; x_wconf 62' lang='lat' dir='ltr'>Balflinyera</span> <span class='ocrx_word' id='word_1_177' title='bbox 1032 1497 1335 1538; x_wconf 73' lang='lat' dir='ltr'>arundinacea</span> <span class='ocrx_word' id='word_1_178' title='bbox 1353 1497 1412 1538; x_wconf 84' lang='lat' dir='ltr'>Fl.</span> <span class='ocrx_word' id='word_1_179' title='bbox 1437 1497 1621 1542; x_wconf 83' lang='lat' dir='ltr'>Wetter.</span> <span class='ocrx_word' id='word_1_180' title='bbox 1651 1505 1696 1538; x_wconf 91' lang='lat' dir='ltr'>n0</span> <span class='ocrx_word' id='word_1_181' title='bbox 1720 1498 1791 1539; x_wconf 81' lang='lat'><strong>99.</strong></span> 
     </span>
    </p>

    <p class='ocr_par' dir='ltr' id='par_1_8' title="bbox 243 1572 1890 1620">
     <span class='ocr_line' id='line_1_21' title="bbox 243 1572 1890 1620; baseline -0.001 -10"><span class='ocrx_word' id='word_1_182' title='bbox 243 1575 348 1610; x_wconf 86' lang='lat' dir='ltr'>Hah.</span> <span class='ocrx_word' id='word_1_183' title='bbox 379 1575 427 1610; x_wconf 83' lang='lat' dir='ltr'>ad</span> <span class='ocrx_word' id='word_1_184' title='bbox 447 1576 553 1620; x_wconf 85' lang='lat' dir='ltr'>ripas</span> <span class='ocrx_word' id='word_1_185' title='bbox 573 1577 609 1609; x_wconf 87' lang='lat' dir='ltr'>et</span> <span class='ocrx_word' id='word_1_186' title='bbox 636 1574 773 1617; x_wconf 85' lang='lat' dir='ltr'>fossas,</span> <span class='ocrx_word' id='word_1_187' title='bbox 795 1573 977 1618; x_wconf 84' lang='lat' dir='ltr'>Byzantii</span> <span class='ocrx_word' id='word_1_188' title='bbox 1006 1574 1070 1617; x_wconf 85' lang='lat' dir='ltr'>(ex</span> <span class='ocrx_word' id='word_1_189' title='bbox 1100 1573 1179 1608; x_wconf 79' lang='lat' dir='ltr'>Sin.</span> <span class='ocrx_word' id='word_1_190' title='bbox 1211 1572 1379 1617; x_wconf 77' lang='lat' dir='ltr'>Prod1·.)‚</span> <span class='ocrx_word' id='word_1_191' title='bbox 1409 1573 1525 1617; x_wconf 78' lang='lat' dir='ltr'>Syria</span> <span class='ocrx_word' id='word_1_192' title='bbox 1554 1573 1653 1608; x_wconf 81' lang='lat' dir='ltr'>inter</span> <span class='ocrx_word' id='word_1_193' title='bbox 1679 1572 1831 1618; x_wconf 84' lang='lat' dir='ltr'>Tripoli</span> <span class='ocrx_word' id='word_1_194' title='bbox 1852 1575 1890 1608; x_wconf 83' lang='lat' dir='ltr'>et</span> 
     </span>
    </p>
   </div>
   <div class='ocr_carea' id='block_1_8' title="bbox 193 1619 1891 1715">
    <p class='ocr_par' dir='ltr' id='par_1_9' title="bbox 193 1619 1891 1715">
     <span class='ocr_line' id='line_1_22' title="bbox 193 1619 1891 1667; baseline -0.001 -10"><span class='ocrx_word' id='word_1_195' title='bbox 193 1622 326 1657; x_wconf 87' lang='lat' dir='ltr'>Hama</span> <span class='ocrx_word' id='word_1_196' title='bbox 355 1622 468 1667; x_wconf 76' lang='grc' dir='ltr'>(ΒΗ),</span> <span class='ocrx_word' id='word_1_197' title='bbox 499 1622 645 1656; x_wconf 84' lang='lat' dir='ltr'>Tauria</span> <span class='ocrx_word' id='word_1_198' title='bbox 681 1623 718 1655; x_wconf 88' lang='lat' dir='ltr'>et</span> <span class='ocrx_word' id='word_1_199' title='bbox 746 1630 853 1666; x_wconf 86' lang='lat' dir='ltr'>prov.</span> <span class='ocrx_word' id='word_1_200' title='bbox 892 1621 1117 1656; x_wconf 78' lang='lat' dir='ltr'>Caucasicae</span> <span class='ocrx_word' id='word_1_201' title='bbox 1148 1619 1256 1664; x_wconf 79' lang='lat' dir='ltr'>(Led.</span> <span class='ocrx_word' id='word_1_202' title='bbox 1287 1620 1481 1665; x_wconf 66' lang='lat' dir='ltr'>Hoheni)‚</span> <span class='ocrx_word' id='word_1_203' title='bbox 1511 1620 1699 1656; x_wconf 83' lang='lat' dir='ltr'>Armenia</span> <span class='ocrx_word' id='word_1_204' title='bbox 1725 1620 1891 1656; x_wconf 84' lang='lat' dir='ltr'>Rossica</span> 
     </span>
     <span class='ocr_line' id='line_1_23' title="bbox 195 1666 1797 1715; baseline -0.002 -10"><span class='ocrx_word' id='word_1_205' title='bbox 195 1670 316 1713; x_wconf 85' lang='lat' dir='ltr'>(Szov</span> <span class='ocrx_word' id='word_1_206' title='bbox 329 1671 369 1715; x_wconf 75' lang='lat' dir='ltr'>t),</span> <span class='ocrx_word' id='word_1_207' title='bbox 386 1669 523 1704; x_wconf 79' lang='lat' dir='ltr'>Persia</span> <span class='ocrx_word' id='word_1_208' title='bbox 541 1668 711 1704; x_wconf 83' lang='lat' dir='ltr'>borealis</span> <span class='ocrx_word' id='word_1_209' title='bbox 729 1668 779 1703; x_wconf 89' lang='lat' dir='ltr'>ad</span> <span class='ocrx_word' id='word_1_210' title='bbox 800 1668 953 1703; x_wconf 88' lang='lat' dir='ltr'>rivulos</span> <span class='ocrx_word' id='word_1_211' title='bbox 970 1667 1205 1713; x_wconf 78' lang='lat' dir='ltr'>subalpinos</span> <span class='ocrx_word' id='word_1_212' title='bbox 1227 1668 1374 1703; x_wconf 85' lang='lat' dir='ltr'>montis</span> <span class='ocrx_word' id='word_1_213' title='bbox 1397 1667 1541 1702; x_wconf 86' lang='lat' dir='ltr'>Elbrus</span> <span class='ocrx_word' id='word_1_214' title='bbox 1564 1668 1658 1713; x_wconf 84' lang='lat' dir='ltr'><strong>(Ky.</strong></span> <span class='ocrx_word' id='word_1_215' title='bbox 1677 1666 1748 1702; x_wconf 81' lang='lat'>439</span> <span class='ocrx_word' id='word_1_216' title='bbox 1759 1669 1797 1712; x_wconf 83' lang='lat' dir='ltr'>l).</span> 
     </span>
    </p>
   </div>
   <div class='ocr_carea' id='block_1_9' title="bbox 197 1730 1892 1826">
    <p class='ocr_par' dir='ltr' id='par_1_10' title="bbox 197 1730 1892 1826">
     <span class='ocr_line' id='line_1_24' title="bbox 207 1730 1887 1778; baseline -0.001 -10"><span class='ocrx_word' id='word_1_217' title='bbox 207 1757 213 1763; x_wconf 87' lang='lat'>-</span> <span class='ocrx_word' id='word_1_218' title='bbox 240 1734 301 1768; x_wconf 89' lang='lat' dir='ltr'>Ar.</span> <span class='ocrx_word' id='word_1_219' title='bbox 322 1732 454 1777; x_wconf 77' lang='lat' dir='ltr'>Geoqr.</span> <span class='ocrx_word' id='word_1_220' title='bbox 481 1733 637 1778; x_wconf 79' lang='lat' dir='ltr'>Europa</span> <span class='ocrx_word' id='word_1_221' title='bbox 659 1732 826 1767; x_wconf 85' lang='lat' dir='ltr'>borealis</span> <span class='ocrx_word' id='word_1_222' title='bbox 853 1734 888 1766; x_wconf 89' lang='lat' dir='ltr'>et</span> <span class='ocrx_word' id='word_1_223' title='bbox 910 1731 1039 1766; x_wconf 84' lang='lat' dir='ltr'>media</span> <span class='ocrx_word' id='word_1_224' title='bbox 1060 1741 1083 1765; x_wconf 88' lang='lat' dir='ltr'>a</span> <span class='ocrx_word' id='word_1_225' title='bbox 1104 1731 1310 1776; x_wconf 74' lang='lat' dir='ltr'>Lapponia</span> <span class='ocrx_word' id='word_1_226' title='bbox 1331 1734 1366 1766; x_wconf 89' lang='lat' dir='ltr'>et</span> <span class='ocrx_word' id='word_1_227' title='bbox 1393 1731 1531 1766; x_wconf 76' lang='lat' dir='ltr'>Rossia</span> <span class='ocrx_word' id='word_1_228' title='bbox 1560 1732 1702 1766; x_wconf 72' lang='lat' dir='ltr'>arctica</span> <span class='ocrx_word' id='word_1_229' title='bbox 1721 1730 1771 1765; x_wconf 81' lang='lat' dir='ltr'>ad</span> <span class='ocrx_word' id='word_1_230' title='bbox 1796 1730 1887 1766; x_wconf 89' lang='lat' dir='ltr'>His-</span> 
     </span>
     <span class='ocr_line' id='line_1_25' title="bbox 197 1777 1892 1826; baseline -0.002 -11"><span class='ocrx_word' id='word_1_231' title='bbox 197 1780 355 1826; x_wconf 76' lang='lat' dir='ltr'>paruam</span> <span class='ocrx_word' id='word_1_232' title='bbox 376 1784 414 1816; x_wconf 88' lang='lat' dir='ltr'>et</span> <span class='ocrx_word' id='word_1_233' title='bbox 433 1780 587 1815; x_wconf 87' lang='lat' dir='ltr'>Italiam</span> <span class='ocrx_word' id='word_1_234' title='bbox 608 1779 768 1823; x_wconf 80' lang='lat' dir='ltr'>medias,</span> <span class='ocrx_word' id='word_1_235' title='bbox 788 1779 933 1814; x_wconf 83' lang='lat' dir='ltr'>Sibiria</span> <span class='ocrx_word' id='word_1_236' title='bbox 954 1780 1093 1822; x_wconf 83' lang='lat' dir='ltr'>omnis,</span> <span class='ocrx_word' id='word_1_237' title='bbox 1112 1778 1218 1823; x_wconf 80' lang='lat' dir='ltr'>regio</span> <span class='ocrx_word' id='word_1_238' title='bbox 1234 1778 1481 1822; x_wconf 76' lang='lat' dir='ltr'>Amurensis,</span> <span class='ocrx_word' id='word_1_239' title='bbox 1498 1778 1681 1814; x_wconf 79' lang='lat' dir='ltr'>America</span> <span class='ocrx_word' id='word_1_240' title='bbox 1701 1777 1892 1814; x_wconf 85' lang='lat' dir='ltr'>borealis.</span> 
     </span>
    </p>
   </div>
   <div class='ocr_carea' id='block_1_10' title="bbox 696 1927 1393 1989">
    <p class='ocr_par' dir='ltr' id='par_1_11' title="bbox 696 1927 1393 1989">
     <span class='ocr_line' id='line_1_26' title="bbox 696 1927 1393 1989; baseline -0.001 -13"><span class='ocrx_word' id='word_1_241' title='bbox 696 1929 1028 1978; x_wconf 69' lang='lat' dir='ltr'>coRNUCOPOE</span> <span class='ocrx_word' id='word_1_242' title='bbox 1067 1928 1131 1988; x_wconf 91' lang='lat' dir='ltr'>(L.</span> <span class='ocrx_word' id='word_1_243' title='bbox 1172 1929 1272 1976; x_wconf 82' lang='lat' dir='ltr'>Gen.</span> <span class='ocrx_word' id='word_1_244' title='bbox 1301 1927 1393 1989; x_wconf 77' lang='lat'><strong>31).</strong></span> 
     </span>
    </p>
   </div>
   <div class='ocr_carea' id='block_1_11' title="bbox 187 2066 1894 2416">
    <p class='ocr_par' dir='ltr' id='par_1_12' title="bbox 187 2066 1894 2416">
     <span class='ocr_line' id='line_1_27' title="bbox 251 2066 1891 2122; baseline -0.002 -10"><span class='ocrx_word' id='word_1_245' title='bbox 251 2069 436 2122; x_wconf 86' lang='lat' dir='ltr'>Spiculae</span> <span class='ocrx_word' id='word_1_246' title='bbox 464 2068 659 2110; x_wconf 80' lang='lat' dir='ltr'>unissorae</span> <span class='ocrx_word' id='word_1_247' title='bbox 687 2071 834 2121; x_wconf 85' lang='lat' dir='ltr'>plures</span> <span class='ocrx_word' id='word_1_248' title='bbox 859 2066 1114 2111; x_wconf 82' lang='lat' dir='ltr'>fasciculalae</span> <span class='ocrx_word' id='word_1_249' title='bbox 1138 2067 1404 2109; x_wconf 89' lang='lat' dir='ltr'>subsessiles</span> <span class='ocrx_word' id='word_1_250' title='bbox 1423 2067 1649 2110; x_wconf 82' lang='lat' dir='ltr'>involucro</span> <span class='ocrx_word' id='word_1_251' title='bbox 1674 2069 1891 2110; x_wconf 84' lang='lat' dir='ltr'>communi</span> 
     </span>
     <span class='ocr_line' id='line_1_28' title="bbox 189 2126 1894 2182; baseline -0.001 -13"><span class='ocrx_word' id='word_1_252' title='bbox 189 2128 308 2182; x_wconf 85' lang='lat' dir='ltr'>apice</span> <span class='ocrx_word' id='word_1_253' title='bbox 337 2128 510 2170; x_wconf 85' lang='lat' dir='ltr'>dentato</span> <span class='ocrx_word' id='word_1_254' title='bbox 529 2128 690 2171; x_wconf 80' lang='lat' dir='ltr'>cinctae.</span> <span class='ocrx_word' id='word_1_255' title='bbox 713 2126 879 2170; x_wconf 80' lang='lat' dir='ltr'>Glumae</span> <span class='ocrx_word' id='word_1_256' title='bbox 906 2127 1017 2169; x_wconf 77' lang='lat' dir='ltr'>binae</span> <span class='ocrx_word' id='word_1_257' title='bbox 1053 2126 1388 2169; x_wconf 68' lang='lat' dir='ltr'>membranacea.¹</span> <span class='ocrx_word' id='word_1_258' title='bbox 1417 2126 1693 2181; x_wconf 80' lang='lat' dir='ltr'>subaequales</span> <span class='ocrx_word' id='word_1_259' title='bbox 1721 2127 1894 2168; x_wconf 79' lang='lat' dir='ltr'>muticae</span> 
     </span>
     <span class='ocr_line' id='line_1_29' title="bbox 189 2185 1892 2237; baseline 0 -9"><span class='ocrx_word' id='word_1_260' title='bbox 189 2188 278 2229; x_wconf 86' lang='lat' dir='ltr'>basi</span> <span class='ocrx_word' id='word_1_261' title='bbox 308 2190 501 2230; x_wconf 84' lang='lat' dir='ltr'>connatae</span> <span class='ocrx_word' id='word_1_262' title='bbox 526 2188 739 2228; x_wconf 67' lang='lat' dir='ltr'>carin-alze.</span> <span class='ocrx_word' id='word_1_263' title='bbox 766 2186 978 2229; x_wconf 83' lang='lat' dir='ltr'>Glumolla</span> <span class='ocrx_word' id='word_1_264' title='bbox 1007 2186 1334 2227; x_wconf 86' lang='lat' dir='ltr'>membranacea</span> <span class='ocrx_word' id='word_1_265' title='bbox 1361 2185 1517 2228; x_wconf 83' lang='lat' dir='ltr'>mutioa</span> <span class='ocrx_word' id='word_1_266' title='bbox 1545 2185 1703 2237; x_wconf 81' lang='lat' dir='ltr'>glumis</span> <span class='ocrx_word' id='word_1_267' title='bbox 1731 2186 1892 2228; x_wconf 89' lang='lat' dir='ltr'>similis</span> 
     </span>
     <span class='ocr_line' id='line_1_30' title="bbox 189 2244 1892 2298; baseline -0.001 -10"><span class='ocrx_word' id='word_1_268' title='bbox 189 2250 231 2288; x_wconf 89' lang='lat' dir='ltr'>et</span> <span class='ocrx_word' id='word_1_269' title='bbox 264 2258 337 2288; x_wconf 86' lang='lat' dir='ltr'>eas</span> <span class='ocrx_word' id='word_1_270' title='bbox 379 2246 454 2287; x_wconf 83' lang='lat' dir='ltr'>vix</span> <span class='ocrx_word' id='word_1_271' title='bbox 487 2246 717 2297; x_wconf 82' lang='lat' dir='ltr'>excedens,</span> <span class='ocrx_word' id='word_1_272' title='bbox 745 2247 865 2298; x_wconf 82' lang='lat' dir='ltr'>palea</span> <span class='ocrx_word' id='word_1_273' title='bbox 892 2246 1023 2287; x_wconf 88' lang='lat' dir='ltr'>nulla.</span> <span class='ocrx_word' id='word_1_274' title='bbox 1053 2244 1161 2298; x_wconf 80' lang='lat' dir='ltr'>styli</span> <span class='ocrx_word' id='word_1_275' title='bbox 1198 2246 1220 2285; x_wconf 76' lang='lat'>2</span> <span class='ocrx_word' id='word_1_276' title='bbox 1247 2244 1514 2296; x_wconf 85' lang='lat' dir='ltr'>terminales,</span> <span class='ocrx_word' id='word_1_277' title='bbox 1538 2244 1739 2296; x_wconf 85' lang='lat' dir='ltr'>stigmata</span> <span class='ocrx_word' id='word_1_278' title='bbox 1774 2245 1892 2287; x_wconf 81' lang='lat' dir='ltr'>elon-</span> 
     </span>
     <span class='ocr_line' id='line_1_31' title="bbox 187 2303 1889 2358; baseline -0.001 -12"><span class='ocrx_word' id='word_1_279' title='bbox 187 2308 287 2358; x_wconf 51' lang='lat' dir='ltr'>gata¹</span> <span class='ocrx_word' id='word_1_280' title='bbox 327 2305 536 2358; x_wconf 87' lang='lat' dir='ltr'>plumosa.</span> <span class='ocrx_word' id='word_1_281' title='bbox 582 2304 831 2358; x_wconf 79' lang='lat' dir='ltr'>Squamulae</span> <span class='ocrx_word' id='word_1_282' title='bbox 878 2305 1008 2347; x_wconf 83' lang='lat' dir='ltr'>nnllae</span> <span class='ocrx_word' id='word_1_283' title='bbox 1060 2303 1292 2357; x_wconf 79' lang='lat' dir='ltr'>Caryopsis</span> <span class='ocrx_word' id='word_1_284' title='bbox 1330 2303 1601 2358; x_wconf 86' lang='lat' dir='ltr'>pyriformis.</span> <span class='ocrx_word' id='word_1_285' title='bbox 1639 2327 1693 2333; x_wconf 90' lang='lat'>—</span> <span class='ocrx_word' id='word_1_286' title='bbox 1738 2304 1889 2346; x_wconf 82' lang='lat' dir='ltr'>Planta</span> 
     </span>
     <span class='ocr_line' id='line_1_32' title="bbox 190 2362 985 2416; baseline -0.003 -10"><span class='ocrx_word' id='word_1_287' title='bbox 190 2376 331 2406; x_wconf 88' lang='lat' dir='ltr'>annua</span> <span class='ocrx_word' id='word_1_288' title='bbox 354 2364 459 2407; x_wconf 79' lang='lat' dir='ltr'>facie</span> <span class='ocrx_word' id='word_1_289' title='bbox 480 2363 714 2416; x_wconf 71' lang='lat' dir='ltr'>Alopeezcre‘</span> <span class='ocrx_word' id='word_1_290' title='bbox 740 2362 985 2404; x_wconf 73' lang='lat' dir='ltr'>utriculati.</span> 
     </span>
    </p>
   </div>
   <div class='ocr_carea' id='block_1_12' title="bbox 185 2482 1890 3009">
    <p class='ocr_par' dir='ltr' id='par_1_13' title="bbox 185 2482 1890 3009">
     <span class='ocr_line' id='line_1_33' title="bbox 253 2482 1890 2538; baseline -0.001 -12"><span class='ocrx_word' id='word_1_291' title='bbox 253 2486 286 2526; x_wconf 94' lang='lat'><strong>1.</strong></span> <span class='ocrx_word' id='word_1_292' title='bbox 314 2483 368 2526; x_wconf 90' lang='lat' dir='ltr'><strong>C.</strong></span> <span class='ocrx_word' id='word_1_293' title='bbox 391 2483 755 2527; x_wconf 78' lang='lat' dir='ltr'>cucullatum</span> <span class='ocrx_word' id='word_1_294' title='bbox 779 2483 845 2538; x_wconf 75' lang='lat' dir='ltr'>(L.</span> <span class='ocrx_word' id='word_1_295' title='bbox 870 2482 941 2536; x_wconf 88' lang='lat' dir='ltr'>Sp.</span> <span class='ocrx_word' id='word_1_296' title='bbox 982 2483 1056 2538; x_wconf 81' lang='lat'>79)</span> <span class='ocrx_word' id='word_1_297' title='bbox 1084 2496 1242 2535; x_wconf 87' lang='lat' dir='ltr'>annua,</span> <span class='ocrx_word' id='word_1_298' title='bbox 1268 2483 1422 2525; x_wconf 88' lang='lat' dir='ltr'>culmis</span> <span class='ocrx_word' id='word_1_299' title='bbox 1464 2483 1691 2536; x_wconf 85' lang='lat' dir='ltr'>cespitosis</span> <span class='ocrx_word' id='word_1_300' title='bbox 1734 2482 1890 2525; x_wconf 87' lang='lat' dir='ltr'>erectis</span> 
     </span>
     <span class='ocr_line' id='line_1_34' title="bbox 189 2542 1890 2596; baseline -0.002 -11"><span class='ocrx_word' id='word_1_301' title='bbox 189 2543 256 2586; x_wconf 86' lang='lat' dir='ltr'>vel</span> <span class='ocrx_word' id='word_1_302' title='bbox 296 2544 438 2596; x_wconf 88' lang='lat' dir='ltr'>patule</span> <span class='ocrx_word' id='word_1_303' title='bbox 472 2543 832 2585; x_wconf 82' lang='lat' dir='ltr'>decumbentibus</span> <span class='ocrx_word' id='word_1_304' title='bbox 873 2542 1035 2584; x_wconf 82' lang='lat' dir='ltr'>foliosis</span> <span class='ocrx_word' id='word_1_305' title='bbox 1068 2542 1323 2594; x_wconf 86' lang='lat' dir='ltr'>geniculatis</span> <span class='ocrx_word' id='word_1_306' title='bbox 1356 2542 1554 2592; x_wconf 86' lang='lat' dir='ltr'>ramosis,</span> <span class='ocrx_word' id='word_1_307' title='bbox 1598 2542 1711 2583; x_wconf 85' lang='lat' dir='ltr'>soliis</span> <span class='ocrx_word' id='word_1_308' title='bbox 1735 2542 1890 2594; x_wconf 87' lang='lat' dir='ltr'>planis,</span> 
     </span>
     <span class='ocr_line' id='line_1_35' title="bbox 189 2600 1890 2654; baseline -0.001 -10"><span class='ocrx_word' id='word_1_309' title='bbox 189 2602 357 2654; x_wconf 84' lang='lat' dir='ltr'>vaginis</span> <span class='ocrx_word' id='word_1_310' title='bbox 382 2601 570 2644; x_wconf 83' lang='lat' dir='ltr'>dilatatis</span> <span class='ocrx_word' id='word_1_311' title='bbox 597 2601 762 2644; x_wconf 72' lang='lat' dir='ltr'>striatis</span> <span class='ocrx_word' id='word_1_312' title='bbox 794 2601 1040 2643; x_wconf 78' lang='lat' dir='ltr'>internodiO</span> <span class='ocrx_word' id='word_1_313' title='bbox 1079 2601 1371 2653; x_wconf 81' lang='lat' dir='ltr'>brevioribus,</span> <span class='ocrx_word' id='word_1_314' title='bbox 1399 2601 1530 2653; x_wconf 73' lang='lat' dir='ltr'>ligula</span> <span class='ocrx_word' id='word_1_315' title='bbox 1566 2600 1687 2642; x_wconf 87' lang='lat' dir='ltr'>brevi</span> <span class='ocrx_word' id='word_1_316' title='bbox 1719 2601 1890 2652; x_wconf 78' lang='lat' dir='ltr'>obtusa,</span> 
     </span>
     <span class='ocr_line' id='line_1_36' title="bbox 188 2659 1887 2714; baseline -0.002 -11"><span class='ocrx_word' id='word_1_317' title='bbox 188 2661 634 2714; x_wconf 77' lang='lat' dir='ltr'>involucrisevagina</span> <span class='ocrx_word' id='word_1_318' title='bbox 657 2663 864 2714; x_wconf 80' lang='lat' dir='ltr'>suprema</span> <span class='ocrx_word' id='word_1_319' title='bbox 891 2661 966 2701; x_wconf 72' lang='grc'>2-3</span> <span class='ocrx_word' id='word_1_320' title='bbox 992 2659 1249 2713; x_wconf 84' lang='lat' dir='ltr'>pedunculis</span> <span class='ocrx_word' id='word_1_321' title='bbox 1276 2660 1486 2714; x_wconf 83' lang='lat' dir='ltr'>elongatis</span> <span class='ocrx_word' id='word_1_322' title='bbox 1510 2660 1682 2702; x_wconf 87' lang='lat' dir='ltr'>tandem</span> <span class='ocrx_word' id='word_1_323' title='bbox 1711 2671 1887 2701; x_wconf 82' lang='lat' dir='ltr'>sursum</span> 
     </span>
     <span class='ocr_line' id='line_1_37' title="bbox 186 2717 1888 2771; baseline -0.001 -9"><span class='ocrx_word' id='word_1_324' title='bbox 186 2720 439 2762; x_wconf 87' lang='lat' dir='ltr'>incrassatis</span> <span class='ocrx_word' id='word_1_325' title='bbox 463 2724 505 2761; x_wconf 86' lang='lat' dir='ltr'>et</span> <span class='ocrx_word' id='word_1_326' title='bbox 527 2720 720 2761; x_wconf 82' lang='lat' dir='ltr'>curvatis</span> <span class='ocrx_word' id='word_1_327' title='bbox 739 2719 930 2762; x_wconf 88' lang='lat' dir='ltr'>suffultis</span> <span class='ocrx_word' id='word_1_328' title='bbox 958 2719 1557 2771; x_wconf 86' lang='lat' dir='ltr'>infundibuli-campanulatis</span> <span class='ocrx_word' id='word_1_329' title='bbox 1577 2719 1681 2760; x_wconf 81' lang='lat'>8-10</span> <span class='ocrx_word' id='word_1_330' title='bbox 1700 2717 1888 2760; x_wconf 85' lang='lat' dir='ltr'>dentatis</span> 
     </span>
     <span class='ocr_line' id='line_1_38' title="bbox 188 2776 1886 2831; baseline -0.003 -11"><span class='ocrx_word' id='word_1_331' title='bbox 188 2779 421 2831; x_wconf 81' lang='lat' dir='ltr'>induratis,</span> <span class='ocrx_word' id='word_1_332' title='bbox 449 2778 628 2831; x_wconf 87' lang='lat' dir='ltr'>spiculis</span> <span class='ocrx_word' id='word_1_333' title='bbox 657 2778 825 2821; x_wconf 82' lang='lat' dir='ltr'>obtusis</span> <span class='ocrx_word' id='word_1_334' title='bbox 851 2778 1150 2821; x_wconf 84' lang='lat' dir='ltr'>subtruncatis</span> <span class='ocrx_word' id='word_1_335' title='bbox 1179 2778 1405 2820; x_wconf 87' lang='lat' dir='ltr'>involucro</span> <span class='ocrx_word' id='word_1_336' title='bbox 1436 2776 1792 2830; x_wconf 85' lang='lat' dir='ltr'>sublongioribus</span> <span class='ocrx_word' id='word_1_337' title='bbox 1822 2780 1886 2826; x_wconf 74' lang='grc' dir='ltr'><strong>Θ.</strong></span> 
     </span>
     <span class='ocr_line' id='line_1_39' title="bbox 187 2833 1888 2890; baseline -0.002 -10"><span class='ocrx_word' id='word_1_338' title='bbox 187 2838 325 2880; x_wconf 87' lang='lat' dir='ltr'>Smith</span> <span class='ocrx_word' id='word_1_339' title='bbox 366 2837 476 2890; x_wconf 87' lang='lat' dir='ltr'>Spic.</span> <span class='ocrx_word' id='word_1_340' title='bbox 512 2837 595 2878; x_wconf 89' lang='lat' dir='ltr'>tab.</span> <span class='ocrx_word' id='word_1_341' title='bbox 637 2838 703 2878; x_wconf 83' lang='lat'><strong>13.</strong></span> <span class='ocrx_word' id='word_1_342' title='bbox 738 2861 793 2868; x_wconf 92' lang='lat'>-—</span> <span class='ocrx_word' id='word_1_343' title='bbox 831 2837 968 2880; x_wconf 84' lang='lat' dir='ltr'>Sibth.</span> <span class='ocrx_word' id='word_1_344' title='bbox 1007 2841 1049 2880; x_wconf 91' lang='lat' dir='ltr'>et</span> <span class='ocrx_word' id='word_1_345' title='bbox 1085 2836 1172 2878; x_wconf 88' lang='lat' dir='ltr'>Sm.</span> <span class='ocrx_word' id='word_1_346' title='bbox 1209 2836 1268 2877; x_wconf 90' lang='lat' dir='ltr'>Fl.</span> <span class='ocrx_word' id='word_1_347' title='bbox 1300 2835 1371 2878; x_wconf 90' lang='lat' dir='ltr'>Gr.</span> <span class='ocrx_word' id='word_1_348' title='bbox 1404 2836 1483 2878; x_wconf 86' lang='lat' dir='ltr'>tab.</span> <span class='ocrx_word' id='word_1_349' title='bbox 1522 2837 1590 2878; x_wconf 79' lang='lat'><strong>51.</strong></span> <span class='ocrx_word' id='word_1_350' title='bbox 1617 2859 1673 2865; x_wconf 89' lang='lat'>-—</span> <span class='ocrx_word' id='word_1_351' title='bbox 1709 2833 1888 2877; x_wconf 85' lang='lat' dir='ltr'>Schreh.</span> 
     </span>
     <span class='ocr_line' id='line_1_40' title="bbox 187 2892 1887 2948; baseline -0.002 -10"><span class='ocrx_word' id='word_1_352' title='bbox 187 2895 334 2938; x_wconf 89' lang='lat' dir='ltr'>Gram.</span> <span class='ocrx_word' id='word_1_353' title='bbox 370 2896 423 2948; x_wconf 86' lang='lat' dir='ltr'>Il,</span> <span class='ocrx_word' id='word_1_354' title='bbox 464 2896 548 2938; x_wconf 84' lang='lat' dir='ltr'>tab.</span> <span class='ocrx_word' id='word_1_355' title='bbox 586 2897 655 2938; x_wconf 89' lang='lat'><strong>41.</strong></span> <span class='ocrx_word' id='word_1_356' title='bbox 690 2920 745 2926; x_wconf 92' lang='lat'>——</span> <span class='ocrx_word' id='word_1_357' title='bbox 780 2895 970 2938; x_wconf 80' lang='lat' dir='ltr'>Gramen</span> <span class='ocrx_word' id='word_1_358' title='bbox 1012 2894 1231 2941; x_wconf 79' lang='lat' dir='ltr'>Orientale</span> <span class='ocrx_word' id='word_1_359' title='bbox 1268 2907 1451 2937; x_wconf 73' lang='lat' dir='ltr'>vernum</span> <span class='ocrx_word' id='word_1_360' title='bbox 1484 2892 1674 2947; x_wconf 74' lang='lat' dir='ltr'>capitulo</span> <span class='ocrx_word' id='word_1_361' title='bbox 1725 2892 1887 2946; x_wconf 67' lang='lat' dir='ltr'>reflexo</span> 
     </span>
     <span class='ocr_line' id='line_1_41' title="bbox 185 2954 1237 3009; baseline -0.003 -11"><span class='ocrx_word' id='word_1_362' title='bbox 185 2954 400 2998; x_wconf 76' lang='lat' dir='ltr'>Sherardz‘</span> <span class='ocrx_word' id='word_1_363' title='bbox 426 2954 657 2998; x_wconf 86' lang='lat' dir='ltr'>Scheuchz.</span> <span class='ocrx_word' id='word_1_364' title='bbox 674 2957 776 3009; x_wconf 83' lang='lat' dir='ltr'><strong>Agr.</strong></span> <span class='ocrx_word' id='word_1_365' title='bbox 805 2955 906 3008; x_wconf 81' lang='grc'><strong>114,</strong></span> <span class='ocrx_word' id='word_1_366' title='bbox 930 2955 1000 2997; x_wconf 86' lang='lat' dir='ltr'>tab</span> <span class='ocrx_word' id='word_1_367' title='bbox 1040 2958 1080 3005; x_wconf 78' lang='lat'>3,</span> <span class='ocrx_word' id='word_1_368' title='bbox 1107 2955 1179 3007; x_wconf 84' lang='lat' dir='ltr'><strong>fig.</strong></span> <span class='ocrx_word' id='word_1_369' title='bbox 1207 2954 1237 2995; x_wconf 90' lang='lat'><strong>1.</strong></span> 
     </span>
    </p>
   </div>
   <div class='ocr_carea' id='block_1_13' title="bbox 2039 0 2062 2266">
    <p class='ocr_par' dir='ltr' id='par_1_14' title="bbox 2039 0 2062 2266">
     <span class='ocr_line' id='line_1_42' title="bbox 2039 0 2062 2266; baseline 0 0"><span class='ocrx_word' id='word_1_370' title='bbox 2039 0 2062 2266; x_wconf 95' lang='lat' dir='ltr'> </span> 
     </span>
    </p>
   </div>
  </div>
 </body>
</html>
