2089 3246
126 236 292 284 Ophi-ys.
873 245 1090 272 oncmome
1785 245 1831 278 75)

121 313 518 408 {ER-{tikkapffleldrlh
538 314 577 348 in
607 314 920 351 Trauseaueasia
951 326 1075 363 prope
1095 315 1207 351 Baku
1227 316 1287 360 (C.
1311 317 1355 353 A.
1380 316 1484 363 Mey.
1514 328 1561 353 ex
1592 319 1736 365 Rchb.)
1770 323 1832 358 Fl.

170 426 231 461 Sa}
262 435 281 459 e
302 424 466 459 confusa
484 434 574 458 011111
594 423 635 458 0.
664 423 879 460 Rev-colonie·
896 426 1037 461 Gallim
1069 426 1266 465 australis,
1289 426 1422 469 Italiw,
1444 427 1652 464 Dalmatia¹
1700 432 1828 467 incolit

121 483 209 519 ‹1ou
258 471 361 506 isfert
379 471 524 506 labello
541 482 564 506 a
581 471 666 506 basi
681 472 729 506 ad
749 473 901 518 apicem
920 476 1145 508 anti-orsum
1163 478 1371 509 curvatum
1386 485 1561 511 concavo
1578 478 1664 512 basi
1683 488 1827 524 angus-

123 523 200 555 11110
222 519 338 554 aliter
361 519 474 564 picto,
493 521 566 554 010.

188 621 248 661 10.
276 619 336 662 Ο.
366 617 566 661 hiulca
584 617 762 673 (Sprun.
783 619 1003 663 Sched.—
1030 619 1166 662 Rchb.
1185 619 1328 662 Germ.
1360 634 1398 675 p.
1429 622 1501 673 93,
1530 624 1614 665 tab.
1638 625 1727 674 101,
1754 626 1823 678 lig.

122 679 168 733 ⁹2)
193 679 422 721 tuberibus
448 678 586 719 ovatis
615 679 678 720 rel
704 680 918 731 oblongis.
943 680 1054 722 soliis
1083 679 1280 732 oblongis
1306 684 1349 722 et
1383 681 1821 726 lanceolato-lineari-

119 738 214 791 bus,
240 738 357 791 spicat
396 737 646 789 pauciltora,
682 739 892 791 perigenii
918 738 1080 794 phyllis
1109 739 1301 781 externis
1329 740 1526 793 oblongis
1555 742 1817 793 virentibus,

118 797 371 839 lateralibus
399 796 583 838 internis
607 797 720 838 binis
741 797 1017 839 brevioribus
1042 797 1280 839 linearibus
1306 799 1529 847 velutiuis,
1551 801 1705 843 labello
1735 802 1817 845 late

115 856 299 898 obovato
333 860 654 908 atropurpureo
681 856 874 912 velutiuo
897 857 1040 899 lituris
1064 856 1176 898 binis
1202 856 1311 898 albis
1338 858 1401 899 vel
1427 860 1813 902 czerulescenlibus

113 915 277 968 glabris
326 914 545 968 parallelis
580 914 672 956 basi
715 919 967 957 transverse
1009 915 1173 957 coalitis
1214 927 1421 969 percurso
1448 930 1582 971 supra
1621 919 1812 961 medium

115 974 269 1016 trilobo
304 974 412 1015 lobis
448 973 698 1016 lateralibus
738 975 875 1017 ovatis
915 975 1081 1017 obtusis
1108 974 1365 1017 intermedio
1412 977 1633 1019 multoties
1661 978 1812 1030 majori

113 1037 239 1075 ovato
256 1036 509 1075 transverse
527 1032 764 1076 sublatiore
786 1034 825 1074 in
845 1035 1062 1087 apiculum
1085 1033 1259 1076 brevem
1280 1036 1584 1078 ascendentem
1610 1036 1812 1084 abeunte.

111 1093 383 1145 gynostemio
419 1091 718 1134 obtusiusculo
750 1097 804 1138 36.
838 1093 970 1140 Rchb.
1004 1092 1149 1134 Germ.
1189 1092 1269 1134 tab.
1326 1095 1418 1146 101,
1449 1095 1518 1146 fig.
1550 1096 1573 1136 2
1605 1100 1646 1137 et
1675 1108 1728 1138 ex
1761 1098 1811 1138 01.

112 1150 244 1192 Rehb.
282 1151 365 1193 tab.
412 1152 506 1201 169,
537 1151 601 1204 lig.
634 1151 663 1204 Ι,
709 1150 791 1193 31111
831 1150 875 1193 Ο.
900 1151 1109 1194 eoectltcelci.
1143 1176 1193 1182 —
1230 1152 1276 1193 0.
1306 1152 1541 1195 Reinlaotctae:
1568 1154 1731 1207 Sprun.
1759 1169 1812 1199 ex

110 1209 262 1252 Sched.
301 1210 381 1251 huc
420 1211 594 1252 omuino
623 1222 700 1253 nec
727 1211 778 1251 ad
810 1209 854 1252 Ο.
895 1211 1163 1263 scolopacem
1201 1215 1398 1266 spectare
1443 1213 1630 1256 videtur.
1668 1239 1721 1246 —
1761 1215 1808 1257 Ο.

108 1269 435 1321 ,qalctrlosle'etos
464 1268 611 1312 Heldr.
643 1269 743 1311 Mss.

156 1341 258 1377 Hal).
283 1343 323 1377 in
355 1341 522 1377 collibus
556 1353 678 1389 prope
708 1343 884 1378 Athenas
907 1346 943 1378 et
966 1344 1003 1378 in
1023 1345 1157 1379 monte
1176 1343 1365 1390 Hymetto
1385 1343 1534 1391 (Sprun
1553 1347 1578 1390 !)
1596 1345 1812 1391 Lycabetto

126 1389 270 1432 (Heldr
286 1392 326 1434 l),
348 1390 388 1424 in
411 1390 526 1434 Syria
546 1390 708 1426 littorali
726 1389 924 1435 (habult).

150 1455 293 1491 Affinis
318 1456 359 1492 ζ).
387 1457 638 1504 ferroeque'no
659 1467 680 1492 a
697 1459 775 1502 qua
793 1456 940 1491 labello
959 1456 1104 1492 trilobo
1133 1459 1171 1492 et
1188 1457 1319 1492 lituris
1341 1467 1478 1493 versus
1497 1458 1633 1494 labelli
1656 1460 1810 1507 apicem

105 1513 176 1538 nee
195 1503 244 1538 ad
272 1504 356 1550 ejus
387 1504 501 1539 basin
528 1505 747 1550 conjunctis
768 1504 909 1539 ‹eliisei-t.
932 1505 994 1540 Ad
1017 1504 1058 1540 O.
1077 1504 1256 1541 irrideam
1274 1504 1407 1540 forsan
1427 1506 1629 1541 referenda
1657 1508 1695 1543 ζ).
1728 1510 1808 1546 fer-

103 1553 388 1597 rumequz'nnm
422 1562 501 1586 var.
535 1550 766 1598 [qu‘nensis
786 1551 911 1587 Rchb.
941 1552 1086 1588 labello
1121 1552 1266 1588 trilobo
1287 1552 1480 1588 instructa.
1499 1557 1536 1589 et
1558 1564 1678 1600 quam
1697 1557 1810 1592 caete-

102 1608 192 1633 rum
208 1608 287 1633 non
306 1598 400 1634 vidi.

164 1708 231 1749 11.
260 1706 318 1750 Ο.
345 1707 574 1762 apifera
614 1707 771 1762 (Huds.
812 1707 1000 1762 Angl.1,
1039 1708 1136 1761 340)
1180 1708 1411 1752 tuberibus
1451 1711 1806 1765 ovato-globosis,

101 1766 214 1809 foliis
248 1767 445 1820 oblongis
481 1771 523 1809 et
559 1767 825 1819 lanceolatis,
853 1768 972 1821 spica
1015 1767 1128 1819 laxa,
1157 1769 1367 1822 perigonii
1406 1770 1565 1823 phyllis
1608 1773 1804 1815 externis

101 1825 456 1879 ovato-oblongis.
482 1827 620 1869 roseis
641 1827 973 1876 viridi-nerviis,
998 1827 1183 1868 internis
1211 1827 1464 1871 lateralibus
1496 1829 1609 1872 binis
1637 1830 1804 1874 brevis-

99 1885 221 1928 simis
249 1886 590 1938 triangularibus
626 1885 844 1937 relutinis,
885 1886 1038 1928 labello
1078 1886 1236 1940 phyllis
1281 1889 1477 1931 externis
1513 1889 1803 1932 subbreviore

97 1944 579 1988 subrotundo-obovato
603 1957 797 1989 convexo
826 1945 1114 1999 semigloboso
1141 1944 1326 1989 obscure
1352 1959 1578 2001 purpureo
1605 1949 1800 1991 velutiuo

97 2004 265 2046 minute
310 2005 474 2046 macula
502 2005 650 2056 glabra
679 2005 937 2059 lineolisque
973 2005 1191 2057 variegato
1217 2006 1486 2059 marginibus
1518 2007 1681 2049 ressexo
1727 2009 1801 2050 tri-

98 2063 192 2105 10110
219 2062 328 2105 lobis
365 2064 618 2106 lateralibus
660 2063 854 2117 oblongis
882 2064 1057 2107 inllexis
1095 2065 1191 2117 plus
1218 2064 1360 2107 minus
1388 2065 1634 2119 gibberosis
1665 2066 1800 2109 inter-

97 2122 240 2164 medio
283 2123 417 2165 multo
457 2124 620 2177 majore
657 2123 840 2166 obovato
877 2124 995 2177 apice
1033 2128 1182 2166 retuso
1223 2135 1319 2166 cum
1364 2125 1602 2179 appendice
1635 2126 1800 2178 glabra,

95 2180 298 2224 deorsum
325 2182 748 2235 ssexzi‚gynoste1nio
779 2183 819 2224 in
847 2186 1038 2225 rostrum
1062 2186 1192 2226 tenue
1222 2182 1468 2226 flexuosum
1494 2184 1705 2237 producto
1738 2191 1797 2231 36.

95 2240 226 2282 Rehb.
257 2240 403 2283 Germ.
430 2241 510 2283 tab.
540 2244 635 2284 105.
661 2263 713 2273 —-·
741 2242 787 2284 Ο.
811 2240 1014 2294 albzssora
1037 2241 1198 2295 Sprun.
1227 2242 1378 2286 Sched.

144 2315 244 2350 Hab.
283 2316 322 2350 in
359 2315 546 2361 collibus,
584 2316 786 2352 umbrosis
822 2317 949 2362 siccis,
984 2316 1138 2352 Graecia
1175 2316 1215 2352 in
1248 2317 1444 2353 Messenia
1479 2318 1634 2364 (Bory)‚
1661 2319 1799 2364 Attica?

93 2361 255 2406 Eiibaest,
272 2362 415 2408 ,Egina
433 2364 582 2410 (Sprun
597 2366 639 2409 1).

144 2428 208 2463 ΑΓ.
246 2426 380 2472 Geoqr.
419 2427 578 2474 Europa
608 2428 741 2463 media
771 2430 809 2463 et
842 2427 1029 2463 australis
1062 2439 1084 2462 a
1105 2427 1248 2471 Gallia,
1263 2428 1475 2464 Germania
1500 2428 1734 2464 occidentali
1760 2430 1795 2464 et

96 2474 272 2519 australi,
292 2474 473 2511 Helvetia
495 2475 543 2510 fut
560 2475 802 2510 Dalmatiam
820 2479 857 2511 et
877 2476 1075 2521 regionem
1098 2475 1376 2522 Danubialem,
1396 2476 1525 2511 Africa
1545 2476 1725 2512 borealis.

162 2584 220 2625 12.
242 2582 301 2626 O.
330 2583 628 2627 aestrifera
648 2585 720 2639 (M.
746 2585 791 2627 B.
819 2585 950 2627 Taur.
976 2583 1104 2627 Cauc.
1131 2584 1180 2633 lt,
1207 2586 1308 2635 369)
1327 2585 1556 2628 tuberibus
1582 2585 1793 2639 oblongis,

95 2643 205 2685 soliis
227 2643 423 2695 oblongis
447 2647 489 2686 et
512 2644 980 2697 oblongo-lanceolatis‚
1001 2644 1117 2698 spica
1135 2644 1346 2694 laxil'lorzi,
1386 2645 1596 2698 perigouii
1637 2645 1796 2697 phyllis

93 2702 287 2745 externis
340 2702 537 2754 oblongis
583 2703 720 2746 roseis
758 2703 1090 2753 viridi-vittatis,
1130 2704 1314 2746 internis
1378 2704 1489 2745 binis
1539 2703 1793 2746 lateralibus

96 2761 265 2804 interne
291 2761 500 2803 velulinis
518 2762 754 2805 linearibus
771 2764 837 2804 vel
862 2764 1106 2805 lanceolatis
1123 2764 1278 2812 aculis,
1296 2763 1448 2805 labello
1475 2764 1792 2815 oblongo-obo-

95 2825 190 2862 vato
210 2821 403 2874 stipilato
429 2821 697 2873 marginibus
726 2822 898 2863 inflexis
925 2823 1047 2864 valde
1074 2834 1259 2864 concavo
1285 2822 1439 2864 trilobo
1471 2823 1578 2865 loliis
1607 2822 1792 2863 laterali-

95 2879 174 2922 bus
201 2879 291 2921 basi
334 2879 525 2932 gibbosis
552 2881 685 2922 (leuse
709 2885 750 2923 et
776 2882 896 2934 louge
920 2882 1127 2925 velutiuis
1167 2882 1505 2935 triangularibus
1544 2881 1790 2923 convolutis

94 2939 303 2992 porrectis
339 2951 453 2992 szepe
494 2940 721 2992 elongatis,
747 2940 1003 2983 intermedio
1041 2941 1222 2994 oblongo
1258 2940 1526 2991 marginibus
1574 2941 1788 2983 revolutis

93 2999 439 3051 semicylindrico
466 3003 623 3053 praeter
652 3000 840 3043 maculas
869 3000 1040 3052 glabras
1080 3001 1330 3054 pallidiores
1363 3001 1554 3042 breviter
1593 3001 1786 3042 velutine
