2062 3314
147 185 196 223 14
870 186 1134 214 JUNCAGINEAE
1599 175 1846 223 Triyloclzm-

147 266 204 370 ἑο.
251 267 424 367 Barffilp‘,
445 266 541 307 271.
566 287 616 295 -
646 263 778 306 Rchb.
804 261 954 305 Germ.
981 260 1050 313 fig.
1077 260 1198 301 9-16.
1228 281 1279 288 -
1318 257 1359 300 T.
1393 257 1592 309 palustre
1614 273 1695 303 var
1722 261 1765 315 β.
1796 262 1846 305 L.

180 340 244 383 p.,
270 339 312 381 p.
433 357 443 367 .

195 400 298 436 Hah.
317 400 358 435 in
378 398 550 434 arenosis
565 395 774 432 maritimis
793 394 944 438 Atticoe,
958 392 1009 428 ad
1028 392 1238 444 Phalerum
1255 390 1411 434 (Boisst
1429 390 1594 436 Heldr!)
1612 391 1661 427 ad
1682 393 1843 430 Eleusin

147 446 357 539 {ggll‘tiflg't
375 443 585 538 {Pl-iujai?
619 444 769 488 Aegina
807 441 953 487 (Sprun
967 442 993 483 l)
1018 438 1068 474 ad
1104 437 1236 473 httora
1269 437 1392 473 Cretae
1427 437 1573 481 (Heldr
1591 440 1630 484 l),
1662 439 1845 486 Smyrnae

193 558 254 593 Ex
272 558 319 593 cl.
339 557 546 592 Chamisso
567 557 603 590 et
621 553 827 598 Schlecht„
846 552 887 588 E.
907 551 1010 596 Mey.
1030 548 1261 594 Buchenau,
1280 548 1332 584 M.
1346 549 1519 594 Micheli,
1536 551 1606 585 etc.
1634 551 1674 586 T.
1691 550 1843 589 Barra-

145 605 235 641 lz'eri
258 616 281 640 a
312 604 353 640 T.
380 602 533 639 bulboso
565 602 733 647 Capensi
764 599 942 646 specifice
965 607 1043 632 non
1064 596 1210 641 differt3
1237 596 1452 642 specimina
1474 596 1670 642 Capensia
1707 602 1841 635 tamen

145 651 256 687 fibris
275 652 496 686 tunicarum
517 648 644 683 multo
663 646 949 693 copiosioribus
964 643 1220 689 rigidioribus
1243 645 1280 677 et
1299 653 1467 689 superne
1484 643 1601 689 longe
1640 645 1842 691 productis

144 699 363 745 praesertim
398 695 654 742 stigmatibus
689 694 808 740 duplo
850 691 1098 736 longioribus
1142 689 1629 735 triangulari-lanceolatis
1675 694 1842 738 patenti-

144 745 320 781 recurvis
350 754 420 780 nec
444 743 572 778 ovatis
602 741 754 776 obtusis
784 740 937 775 differre
959 738 1140 773 observo.
1170 737 1347 782 Speciem
1368 737 1525 772 affinem
1550 737 1589 773 T.
1606 738 1843 776 laoez'fiorum

145 792 261 828 Guss.
277 791 383 827 foliis
401 791 585 835 utrinque
599 789 727 835 planis
744 791 781 823 et
798 786 960 823 sulcatis
979 787 1087 820 varie
1104 784 1227 828 nexis,
1241 785 1411 829 capsulis
1427 784 1587 820 brevius
1600 786 1842 832 pedicellatis

145 842 184 874 et
203 839 271 874 axi
289 838 500 884 adpressis‚
519 835 684 871 florendi
704 837 879 881 tempore
899 831 1127 868 autumnali
1144 831 1320 877 specifice
1352 831 1581 867 distinctum
1610 843 1659 868 ex
1693 833 1841 870 ditione

144 886 323 922 nondum
344 885 438 920 vidi.

191 949 255 984 Ar.
290 948 423 993 Geoqr.
462 946 681 986 Lusitania,
715 943 922 991 Hispania,
949 941 1079 978 Gallia
1115 941 1367 978 occidentalis
1406 944 1444 978 et
1477 942 1676 989 australis,
1711 944 1846 992 Italia,

143 995 357 1042 Dalmatia,
376 994 505 1030 Africa
526 993 708 1028 borealis.

569 1178 731 1225 ORD.
766 1176 1004 1225 CXXIV.
1040 1176 1420 1225 POTAMEAE.

559 1313 695 1369 (fluss.
721 1312 832 1354 Dict.
858 1311 923 1354 Sc.
948 1310 1045 1353 Nat.
1070 1312 1155 1354 vol.
1183 1311 1252 1359 43,
1278 1323 1318 1365 p.
1345 1311 1435 1366 93).

196 1431 348 1476 Flores
386 1429 727 1484 hermaphroditi
755 1429 822 1470 vel
849 1426 1140 1470 unisexuales.
1177 1427 1454 1480 Pei-igonium
1489 1427 1675 1469 inferum
1705 1429 1841 1469 tetra·

136 1491 351 1546 phyllum‚
391 1491 460 1532 vel
505 1493 671 1531 tantum
709 1490 750 1529 in
777 1487 959 1529 floribus
995 1485 1192 1528 femineis
1231 1486 1405 1529 obvium
1454 1490 1496 1529 et
1534 1485 1836 1539 cupuliforme,

135 1552 203 1594 vel
230 1551 270 1592 in
292 1549 473 1592 floribus
500 1548 731 1602 utriusque
753 1558 885 1589 sexus
908 1545 1093 1588 nullum.
1118 1544 1308 1588 Stamina
1336 1546 1413 1592 1-4,
1433 1545 1650 1588 fllainenta
1670 1544 1838 1588 brevis-

137 1609 264 1658 sima,
281 1609 473 1649 antlierae
495 1608 757 1661 plerumque
784 1605 989 1647 ditlieceae
1017 1602 1389 1658 longitudinaliter
1413 1605 1698 1647 dehiscentes.
1725 1603 1837 1646 Ova-

136 1667 249 1710 rium
275 1678 297 1708 e
326 1666 526 1719 carpellis
554 1666 625 1706 1-8
651 1664 799 1706 liberis
826 1663 1057 1706 sessilibus
1081 1675 1196 1705 nunc
1220 1664 1391 1706 denium
1423 1663 1688 1718 pedicellatis
1713 1662 1835 1705 unio-

135 1725 294 1768 vulatis
316 1727 534 1767 constans.
558 1723 745 1766 Ovulum
774 1735 797 1766 e
820 1724 977 1764 sutura
1010 1723 1193 1764 ventrali
1228 1723 1465 1776 pendulum
1494 1724 1560 1765 vel
1596 1722 1835 1765 lateraliter

134 1784 325 1826 affixum.
368 1783 556 1825 Fructus
600 1782 801 1835 carpellis
845 1781 1373 1836 liberis-nucamentaceis
1414 1782 1479 1824 vel
1516 1780 1834 1835 subdrupaceis

133 1846 352 1886 constans.
381 1841 535 1883 Semen
566 1841 961 1883 exalbuminosum.
985 1840 1174 1893 Embryo
1204 1841 1490 1893 niacropodus
1509 1841 1740 1884 uncinatus
1764 1839 1832 1883 vel

132 1905 293 1945 rectus.
321 1925 375 1931 —
400 1901 556 1943 Herbae
584 1900 627 1942 in
651 1902 760 1955 aqua
782 1899 898 1942 dulci
925 1899 990 1941 vel
1020 1900 1187 1941 marina
1210 1900 1419 1953 vigentes.

353 2044 433 2080 SER
464 2045 490 2080 Ι.
519 2054 751 2080 mmmmm.
774 2064 819 2069 —
839 2044 964 2090 Aquae
987 2043 1111 2079 dulcis
1139 2043 1204 2079 vel
1223 2043 1416 2079 subsalsae
1438 2043 1587 2079 incolae.

579 2177 946 2226 ziNNicflEttu
985 2177 1045 2239 (t.
1083 2177 1185 2225 cen.
1220 2176 1370 2238 1034).

189 2303 339 2346 Flores
372 2302 552 2345 monoici
592 2302 769 2344 masculi
803 2305 846 2343 et
883 2301 1055 2344 feminei
1096 2301 1315 2343 interdum
1355 2304 1472 2342 arcte
1522 2301 1826 2355 approximali,

128 2362 309 2406 masculi
332 2361 546 2414 distincte⁷
567 2373 682 2403 nunc
705 2363 829 2414 longe
856 2360 1150 2413 pedunculati.
1187 2360 1311 2401 Maso.
1339 2360 1613 2413 Perigonium
1641 2360 1825 2402 nullum.

125 2421 322 2466 Antbera
345 2421 584 2475 (interdum
622 2419 748 2463 hince)
771 2420 905 2462 thecis
926 2420 1039 2461 binis
1070 2420 1321 2462 connectivo
1355 2423 1616 2461 excurrente
1643 2419 1827 2472 longitu-

127 2479 523 2523 dinaliteradnatis.
546 2478 659 2520 Fem.
682 2479 959 2530 Pei-igoniurn
980 2477 1358 2520 membranaceum
1380 2478 1511 2521 breve
1536 2478 1823 2531 cupulil'orme

125 2539 249 2583 basin
270 2538 557 2592 carpellorum
574 2538 763 2590 cingens,
791 2537 988 2590 Carpella
1005 2538 1079 2580 4-8
1101 2537 1266 2580 sessilia
1285 2537 1349 2578 vel
1372 2537 1623 2591 pedicellata
1644 2537 1825 2589 oblonga

126 2609 391 2652 compressa,
424 2599 567 2651 stylus
610 2596 756 2638 brevis
796 2597 863 2638 vel
895 2596 1135 2649 elongatus.
1174 2595 1334 2649 Stigma
1372 2597 1594 2650 peltatum.
1635 2596 1822 2638 Ovnlum

127 2658 302 2700 unicum
340 2668 616 2708 suspensum.
644 2655 843 2708 Carpella
887 2659 1055 2698 matura
1095 2655 1284 2698 coriacea
1330 2667 1578 2708 compressa
1611 2655 1823 2708 germina-

124 2717 242 2760 tione
281 2715 325 2757 in
359 2716 383 2756 2
417 2715 564 2757 valvas
602 2714 884 2757 dehiscentia.
925 2713 1077 2756 Semen
1118 2715 1347 2767 oblongum
1385 2717 1493 2756 testa
1528 2713 1661 2757 tenui.
1701 2713 1824 2754 albu-

125 2775 242 2818 mine
276 2773 409 2817 nullo.
448 2773 706 2827 Embryonis
748 2772 974 2826 cotyledon
1020 2774 1145 2827 longe
1190 2774 1431 2816 acuminata
1469 2776 1511 2816 et
1551 2772 1821 2815 circinnatini

122 2833 300 2877 inflexa.

185 2928 224 2967 1.
249 2925 303 2968 Z.
319 2922 614 2980 palustris
637 2921 704 2978 (L.
726 2922 797 2977 Sp.
825 2923 957 2978 1475)
987 2923 1183 2967 caulibus
1203 2924 1393 2967 tenuiter
1414 2922 1689 2966 filisorinibus
1708 2921 1822 2963 radi-
