2089 3246
96 192 344 246 Polypoyon.
837 202 1065 231 anamim
1737 194 1809 236 521

140 277 242 313 Hah.
258 276 440 322 Smyrnae
459 275 500 311 in
517 273 695 310 arenosis
713 273 927 310 maritimis
946 272 1053 319 (Bal.
1079 271 1149 309 143
1163 274 1201 318 l).

140 341 205 377 Ar.
227 340 363 385 Geoqr.
387 338 609 383 Lusitania,
628 336 801 390 Hispani
831 366 839 384 ,
861 337 995 375 Gallia
1014 336 1226 389 maritima,
1249 334 1377 378 Italia,
1407 335 1622 383 Dalmatia,
1662 337 1810 378 Sibiria

93 387 259 433 Altaica‚
281 386 485 433 Songar1a,
503 381 806 421 -Afrleanhorear
834 413 842 431 ‚
859 384 1006 421 Insulae
1023 384 1210 426 Azoricae,
1229 382 1402 418 Madem.

158 489 197 534 3.
220 488 277 532 P.
301 486 569 532 litterale
586 484 748 542 (Smith
767 485 925 542 Comp.
949 485 1058 541 Brit.
1090 483 1163 541 18)
1194 495 1405 539 perenne,
1432 486 1578 528 radice
1607 489 1807 540 repente,

93 547 250 592 culmis
287 545 893 601 geniculato-ascendentibus
938 545 995 589 ad
1032 543 1169 588 nodos
1208 543 1438 589 inferiores
1489 545 1806 601 radicantibus,

95 607 214 650 foliis
237 605 454 649 viridibus
479 605 719 649 linearibus
743 604 921 658 glabris,
947 603 1081 658 ligula
1110 603 1308 656 elongata
1341 603 1462 657 apice
1498 605 1654 657 lacera,
1684 605 1808 658 pani-

94 665 194 709 cula
217 664 610 719 spiciformidensa
634 664 791 712 lobata,
816 662 974 718 glumis
992 661 1235 718 aequalibus
1260 662 1510 705 lanceolatis
1535 663 1587 706 ad
1615 664 1807 709 carinam

95 724 168 768 vel
191 724 388 778 undique
410 723 623 768 scabridis
646 723 932 767 acutiusculis
972 722 1056 764 sub
1093 720 1215 776 apice
1243 721 1516 764 acutiusculo
1550 723 1592 764 in
1626 723 1808 768 aristam

93 783 385 838 aequilongam
423 784 498 825 aut
534 781 857 835 sublongiorem
891 779 1171 833 abeuntibus,
1194 780 1399 834 glumella
1433 781 1593 834 glumis
1628 781 1808 826 dimidio

94 841 299 887 breviore
326 841 523 883 breviter
545 840 726 884 aristata
760 843 820 889 Ωι.
849 840 899 884 Ρ.
923 839 1174 891 εἰοηραιαηι
1201 838 1301 892 Lag.
1328 838 1436 883 Gen.
1460 844 1502 883 et
1526 839 1599 894 Sp.
1631 852 1718 882 non
1751 840 1808 886 H.

96 899 145 943 B.
169 901 222 943 K.
242 924 293 931 -
319 900 369 942 P.
395 899 635 943 ascendens
660 899 790 943 Guss.
810 900 854 943 in
877 900 997 943 Bert.
1019 898 1079 942 Fl.
1107 897 1158 941 lt.
1183 898 1224 951 ἓ,
1250 911 1291 952 p,
1319 900 1422 941 777.
1444 923 1499 929 —
1524 899 1642 941 Flor.
1667 899 1811 944 lschia

96 961 183 1003 tab.
212 958 332 1011 XIX,
354 959 424 1013 fig.
453 958 487 1001 Ι.

143 1034 247 1071 Hah.
267 1035 308 1070 in
325 1034 530 1070 littoribus
546 1033 810 1081 salsuginosis
829 1032 1012 1080 Byzantii
1030 1032 1191 1078 (Trin.)‚
1206 1033 1348 1069 Cilicia
1362 1033 1548 1069 littoralis
1566 1034 1617 1070 ad
1635 1033 1811 1072 Mersina

95 1091 209 1119 secus
231 1082 388 1119 rivulos
407 1082 555 1127 (Ball).

143 1145 207 1182 Ar.
240 1145 374 1191 (ἔθορε.
407 1144 564 1191 Anglia‚
598 1143 812 1181 Germania
845 1143 1029 1189 borealia,
1071 1142 1205 1180 Gallia
1240 1143 1431 1179 australis
1468 1146 1507 1179 et
1538 1144 1806 1193 occidentalis,

94 1190 292 1240 Hispania
313 1192 525 1236 maritima,
544 1191 660 1228 Italia
685 1190 883 1236 australis,
905 1190 1140 1237 Abyssinia,
1159 1189 1274 1226 India
1291 1190 1739 1228 boreali-occidentalis.

644 1323 876 1373 LAGURUS
910 1323 970 1387 (L.
1000 1323 1097 1372 Gen.
1133 1322 1254 1385 104).

155 1455 341 1510 Spiculae
372 1467 395 1497 a
428 1455 566 1497 latere
593 1464 858 1508 compressae
898 1452 1097 1496 unissorae
1139 1452 1510 1507 hermaphroditae
1549 1465 1646 1496 cum
1685 1453 1809 1499 rudi-

95 1518 242 1558 mento
263 1513 592 1569 pedicelliformi
621 1512 803 1557 secundi
831 1512 966 1555 floris.
995 1512 1164 1556 Glumae
1186 1512 1300 1555 binae
1332 1512 1543 1567 plumosae
1571 1513 1809 1567 subaequa-

95 1573 161 1617 les
194 1573 654 1617 subulato-attenuatae
689 1572 870 1615 flosculo
917 1571 1149 1626 longiores.
1195 1569 1413 1614 Glumella
1461 1583 1648 1614 concava
1680 1573 1809 1627 longe

94 1630 436 1676 bifido-arietata
463 1632 594 1675 dorso
610 1631 722 1674 infra
742 1632 906 1686 apicem
928 1632 1064 1673 arista
1090 1631 1285 1685 longiore
1307 1631 1551 1684 geniculata
1570 1631 1804 1682 instructa,

93 1692 221 1792 galea
268 1691 494 1746 angus-tior
535 1690 785 1733 bicariuata.
820 1690 1070 1745 Squamulae
1106 1690 1219 1732 binae
1261 1690 1555 1732 subcarnosae.
1595 1689 1807 1743 Stigmata

127 1751 199 1794 ina
244 1751 417 1794 sessilia
459 1750 706 1792 terminalia
750 1749 890 1804 pilosa
945 1749 1186 1793 lateraliter
1236 1750 1518 1802 emergentia.
1565 1749 1805 1803 Caryopsis

97 1810 283 1864 oblonga
304 1809 523 1863 glumellis
540 1808 707 1852 inclusa
733 1808 809 1852 sed
834 1807 985 1851 libera.
1009 1833 1065 1839 —
1105 1806 1251 1851 Herba
1268 1820 1413 1850 annua
1440 1808 1643 1861 panicula
1666 1807 1805 1853 densa

97 1869 338 1924 spiciformi
359 1871 486 1912 ovata
519 1868 793 1923 pilosissima.

159 1980 201 2023 1.
231 1979 291 2023 1...
324 1981 543 2023 ovatus
585 1977 652 2033 (L.
684 1977 759 2032 Sp.
799 1977 898 2033 119)
939 1990 1128 2024 annuus.
1155 1977 1313 2020 culmis
1344 1977 1510 2020 foliosis
1546 1978 1703 2021 erectis
1736 1979 1806 2032 vel

97 2039 454 2091 ascendentibus,
479 2037 591 2080 foliis
621 2037 791 2080 villosis
830 2037 915 2080 late
949 2036 1203 2091 linearibus,
1231 2036 1400 2090 vaginis
1437 2037 1641 2080 mollibus
1676 2049 1809 2091 supe·

98 2097 291 2141 rioribus
324 2097 589 2147 subinflatis,
630 2095 762 2150 ligula
798 2096 923 2139 brevi
968 2095 1124 2139 obtusa
1161 2095 1448 2150 pubescente,
1489 2097 1610 2149 spica
1646 2096 1808 2140 obtusa

97 2156 435 2209 ovato-oblonga
473 2155 541 2197 vel
571 2155 849 2208 subglobosa‚
875 2155 1036 2208 glumis
1068 2155 1380 2208 angustissime
1411 2155 1649 2198 linearibus
1681 2156 1809 2208 longe

98 2216 275 2268 ciliatis,
313 2215 532 2269 glumellae
576 2215 711 2257 arista
754 2214 917 2257 dorsali
955 2226 979 2257 e
1018 2214 1138 2268 spica
1179 2214 1303 2268 longe
1341 2217 1515 2257 exserta
1550 2218 1615 2265 O.
1654 2213 1708 2257 Ic.
1746 2214 1812 2260 Fl.

98 2273 239 2318 Graec.
267 2275 353 2318 tab.
384 2272 461 2316 70.
489 2297 540 2304 —
567 2274 702 2316 Rchb.
726 2271 872 2316 Germ.
904 2274 1000 2316 169.

148 2347 249 2384 Hah.
275 2349 316 2384 in
342 2347 520 2383 arenosis
547 2345 768 2394 praesertim
806 2346 1031 2392 maritimis,
1057 2346 1210 2382 Graecia
1242 2349 1281 2382 et
1310 2346 1396 2389 eius
1428 2346 1600 2392 insul-ml,
1635 2345 1808 2384 Thracia

86 2394 310 2440 (Grisebl),
343 2395 584 2441 Byzantium
617 2394 767 2438 (Nocet),
801 2393 989 2429 Anatolia
1022 2394 1218 2429 maritima
1255 2393 1510 2429 occidentalis
1543 2396 1580 2428 et
1617 2392 1807 2430 australis

98 2441 302 2486 (Fleisehl
324 2441 501 2488 Boni-gl),
524 2442 681 2487 Cyprus
713 2442 843 2487 (Kyl),
872 2441 1073 2478 Palestina
1111 2441 1297 2486 (Boissl),
1328 2440 1522 2476 Mandara
1551 2440 1601 2475 ad
1629 2440 1805 2476 Alexan-

100 2488 231 2573 grilazm
246 2500 295 2583 l1113
315 2489 499 2537 palmetis
517 2489 644 2525 forma
665 2498 772 2525 nana
790 2488 986 2533 (Letourn
1010 2487 1130 2534 2721),
1153 2488 1468 2524 Transcaucasia
1499 2489 1535 2522 in
1566 2487 1711 2523 &rusia
1737 2487 1809 2532 (ex

135 2564 142 2572 .
200 2546 244 2572 oc
297 2563 306 2572 .

150 2600 214 2635 Ar.
232 2601 366 2645 Geoffr.
384 2598 512 2645 Regio
541 2598 830 2636 mediterranea
856 2598 1028 2646 Europae
1055 2599 1094 2635 et
1121 2597 1262 2634 Atricae
1293 2597 1474 2643 borealis,
1503 2597 1650 2634 Insulae
1678 2599 1806 2635 Cana·

103 2645 254 2683 rienses
271 2650 308 2683 et
328 2646 508 2683 Medera.

421 2758 838 2808 GALAMAGRoSTlS
873 2758 993 2821 (Roth
1025 2758 1146 2808 Tem.
1173 2758 1313 2808 Germ.
1343 2758 1378 2815 Ι,
1408 2758 1496 2821 43).

164 2891 350 2946 Spicula}
389 2891 590 2935 uniflorae
624 2892 829 2936 ‘flosculo
858 2891 1215 2945 hermaphrodito
1244 2890 1409 2946 absque
1440 2894 1505 2934 vel
1552 2903 1650 2934 cum
1689 2891 1811 2935 rudi-

108 2954 254 2994 mento
286 2951 411 3006 longe
436 2951 607 3006 pilisero
631 2951 800 2994 flosculi
839 2951 1083 3005 superioris
1111 2951 1314 2996 abortivi.
1341 2950 1511 2996 Glumae
1539 2952 1649 2993 binae
1677 2964 1814 2994 mem-
