2089 3246
171 236 428 286 Cymodocea.
918 248 1019 274 pom
1026 249 1052 274 M
1060 248 1119 274 ΞΕ
1820 250 1839 281 ‘3
1845 248 1861 282 1

166 318 316 360 eadem
354 315 587 375 altitudine
627 316 801 359 insertae
830 317 1067 362 lateraliter
1096 324 1301 368 renuat-(e.
1332 321 1464 362 lliecis
1496 322 1863 372 longitmlimililcr

167 376 490 419 dehiscentibus
514 375 800 428 appendicula
825 377 1029 420 subulata
1052 380 1283 432 superatis.
1311 379 1457 421 Pollen
1486 382 1856 426 conservoidemn.

172 434 493 488 l⁴'cm.Carpidia
519 435 543 476 2
562 434 835 487 collateralia,
862 436 1081 488 singulum
1103 438 1377 491 stigmatibus
1398 438 1508 480 binis
1531 439 1864 485 fasciisormibns

170 495 379 548 elongatis
395 497 672 547 superatum;
696 495 873 536 ovnlum
900 496 1072 538 unicum
1090 508 1142 538 ex
1163 497 1282 549 apice
1306 498 1481 550 carpelli
1506 500 1739 551 pendulum
1762 502 1864 543 sub-

169 553 493 608 ortliotropum,
549 553 787 605 carpellum
843 557 1061 596 maturum
1109 567 1409 608 compressum
1458 558 1740 600 semiovatnm
1796 562 1862 602 vel

171 612 519 666 semiellipticum
544 622 717 654 osseum
746 612 1035 656 indebiscens.
1062 613 1217 656 Seme-n
1254 615 1434 656 liberum
1467 616 1717 668 pendulum,
1756 622 1863 661 testa

171 671 382 714 solubilis.
423 671 613 723 Embryo
640 672 927 725 maeropodns
967 677 1124 725 puncto
1162 675 1391 716 radiculari
1422 675 1601 725 laterali,
1637 677 1863 729 cotyledon

169 730 436 784 cylindrieus
473 731 540 771 axi
593 730 877 784 hypocotyleo
925 743 1116 784 superne
1153 745 1393 785 appressus
1441 734 1481 774 in
1513 735 1661 786 vagina
1698 736 1865 788 plumu-

170 790 252 832 lam
282 788 406 832 valde
431 789 648 832 evolutam
678 789 837 832 fovens.
863 813 919 821 —
944 790 1106 832 Plantze
1138 792 1314 833 marinze
1344 793 1596 845 submersae?
1631 794 1865 837 rbizomate

172 852 350 901 repente
391 848 442 891 ad
480 848 616 890 nodos
644 849 862 891 radicante
895 861 990 892 cum
1038 850 1422 893 ramificationibns
1466 852 1563 893 bine
1610 853 1707 893 inde
1752 854 1867 894 solio-

172 920 267 950 rum
315 907 596 961 delapsorum
636 907 906 951 cicatricibus
945 909 1041 962 plns
1084 909 1229 952 minus
1259 911 1607 963 prominentibus
1646 913 1866 954 minutato.

172 966 287 1009 Folia
319 966 499 1010 disticha
524 969 686 1021 przeter
709 979 929 1010 ramorum
957 968 1185 1021 propbylla
1207 971 1347 1011 omnia
1377 970 1594 1019 frondosa,
1625 971 1866 1023 vaginanlia

172 1026 335 1077 vaginis
357 1026 521 1080 apertis
544 1037 736 1080 superne
773 1026 869 1080 plus
895 1027 1037 1069 minus
1061 1027 1263 1071 distincte
1293 1028 1590 1071 biauricnlatis
1617 1030 1667 1071 ad
1699 1031 1867 1072 laminae

170 1085 291 1127 basin
317 1085 361 1128 in
386 1086 562 1139 ligulam
589 1086 827 1140 productis.
870 1085 1146 1128 Foecundatio
1171 1087 1446 1141 bygrogama.

327 1204 452 1247 secr.
478 1204 509 1245 Ι.
539 1204 863 1247 Pnremnosns
885 1203 1113 1259 (Ascbers.
1144 1205 1274 1247 Linn.
1302 1205 1478 1255 XXXV,
1508 1220 1545 1261 p.
1579 1207 1709 1261 lssO.).

237 1305 439 1347 liliizoma
463 1316 517 1347 ex
543 1304 801 1348 internodiis
827 1304 1030 1347 brevibus
1058 1308 1100 1347 et
1121 1305 1330 1358 elongatis
1361 1305 1616 1360 [quotannis
1653 1306 1870 1348 alternan-

169 1363 304 1419 tibus)
329 1367 734 1417 exstructum,eum
771 1362 902 1406 ramis
931 1364 1087 1406 erectis
1111 1364 1317 1407 brevibus
1354 1366 1480 1408 molle
1519 1365 1639 1407 facilc
1676 1366 1867 1419 compri-

169 1423 375 1467 mendum
409 1422 584 1479 (vagina
620 1435 643 1465 e
673 1423 840 1467 cellulis
870 1422 967 1466 libri
993 1423 1044 1465 ad
1070 1423 1207 1467 instar
1234 1424 1486 1467 incrassatis
1523 1425 1702 1466 formata
1734 1424 1866 1466 desti-

164 1485 342 1536 tutum).
392 1482 506 1525 Folia
556 1483 734 1525 linearia
760 1482 967 1526 ductibus
987 1483 1185 1525 aeriferis
1220 1495 1427 1537 percursa
1462 1484 1581 1538 apice
1627 1483 1866 1525 rotundata

166 1541 428 1585 denticulata
446 1543 514 1584 vel
532 1544 751 1585 sert-illata
773 1542 978 1586 dentibus
1004 1543 1240 1585 lierbaceis.
1273 1543 1422 1586 Flores
1448 1544 1489 1585 in
1517 1554 1739 1585 ramorum
1764 1555 1862 1585 cnm

169 1601 396 1644 sterilibus
432 1602 717 1645 conformium
760 1602 880 1655 apice
927 1602 1110 1644 solitarii
1151 1602 1217 1645 vel
1256 1615 1377 1645 ramo
1424 1604 1687 1657 usurpatore
1714 1613 1872 1655 supra-

172 1660 373 1714 fastigIati
397 1660 547 1717 spurie
569 1660 789 1704 laterales.

238 1755 271 1796 1.
308 1752 364 1797 C.
390 1751 621 1798 nodosa
644 1753 794 1809 (Ucria
820 1754 885 1796 Pl.
916 1754 969 1796 ad
990 1753 1114 1796 Linn.
1147 1765 1258 1808 opus
1279 1753 1374 1796 add.
1404 1752 1458 1793 ΝΟ
1479 1754 1534 1795 30
1568 1753 1650 1796 sub
1678 1752 1875 1804 Zoster-ci)

174 1812 374 1857 soliorum
399 1813 673 1857 cicatricibus
695 1814 881 1856 annulos
905 1814 1077 1855 clausos
1096 1813 1439 1864 essm-mantibus,
1460 1813 1613 1865 vagina
1638 1811 1876 1867 cylindrIczi

174 1873 386 1916 diametro
415 1872 579 1926 pluries
610 1873 805 1926 longiore
829 1872 1032 1916 distinete
1056 1872 1309 1924 auriculam,
1337 1873 1492 1915 lamina
1519 1879 1700 1926 anguste
1726 1870 1876 1913 lineari

171 1933 468 1986 septemnervi
494 1944 687 1986 superne
711 1932 989 1982 denticulata,
1027 1931 1134 1973 ssore
1174 1932 1363 1974 masculo
1394 1932 1518 1985 longe
1541 1929 1829 1984 pedunculato
1854 1942 1876 1971 e

173 1991 326 2045 vagina
344 1991 431 2035 solii
451 1992 647 2045 supremi
664 1994 853 2042 exserto,
876 1991 1061 2034 femineo
1084 1995 1245 2046 praeter
1263 1991 1513 2045 stigmatum
1530 1990 1673 2044 apices
1695 1990 1876 2039 incluso,

171 2050 347 2104 carpelli
387 2050 615 2094 semiovati
655 2051 804 2094 carina
853 2050 1135 2104 integerrima
1180 2051 1245 2092 vel
1285 2050 1536 2092 indistincte
1578 2048 1767 2103 repanda
1817 2053 1876 2095 κ.

171 2108 212 2152 C.
239 2110 404 2152 nodosa
430 2110 562 2153 Ascli.
598 2134 654 2142 —
692 2109 735 2153 C.
763 2121 964 2163 oequcorea
1000 2109 1108 2152 Kijn.
1137 2111 1162 2152 l.
1194 2110 1265 2152 cit.
1301 2134 1357 2140 —-
1391 2108 1710 2162 Plecceayrostis
1739 2105 1879 2157 major

173 2169 250 2213 W.
294 2170 318 2211 l.
361 2170 428 2212 cit.
456 2169 687 2212 -Bornet
711 2169 828 2212 Ann.
852 2168 917 2212 Sc.
958 2168 1052 2211 Nat.
1083 2168 1152 2221 V.‚
1181 2168 1274 2212 Ser.
1301 2168 1349 2219 I.‚
1379 2167 1410 2210 Ι.
1451 2167 1594 2224 (eujus
1631 2165 1879 2209 dissertatio

172 2228 342 2282 egregia
370 2241 448 2284 pro
469 2240 630 2283 genere
656 2228 901 2272 accuratius
919 2228 1218 2282 cognoscendo
1239 2228 1421 2270 maxime
1445 2224 1816 2277 commendanda).

223 2302 324 2339 Hah.
360 2302 402 2338 in
437 2302 598 2339 vadosis
628 2302 782 2338 limosis
816 2304 854 2338 et
893 2302 1148 2338 subarenosis
1181 2302 1302 2338 maris
1336 2300 1614 2337 Mediterranei
1663 2308 1786 2345 usqne
1830 2296 1878 2332 ad

173 2349 195 2386 2
213 2353 321 2386 metr.
340 2349 580 2386 descendens
601 2350 821 2397 saepissime
842 2349 1013 2387 Zosterre
1038 2361 1157 2386 nance
1185 2349 1420 2385 consociata.
1446 2348 1652 2394 Ex.grati;t
1671 2357 1748 2382 erse
1771 2345 1879 2381 Pelo—

174 2397 340 2444 ponnesi
363 2398 518 2443 (Bory),
547 2398 658 2433 sinus
689 2398 944 2443 Smyrnaicus
968 2397 1165 2444 (Seetzent
1184 2397 1267 2432 Bal.
1295 2396 1415 2441 3921),
1442 2397 1620 2442 Egyptus
1637 2394 1686 2429 ad
1709 2392 1878 2428 Alexan-

174 2445 301 2480 driam
322 2444 432 2489 (Deli
448 2445 575 2481 Ebrb!
595 2445 700 2481 Aseh
713 2446 751 2490 Ξ).
768 2445 1032 2482 Probabiliter
1051 2444 1372 2492 vulgatissisima.
1392 2443 1424 2478 E
1450 2443 1575 2480 Ponto
1595 2442 1752 2477 Euxino
1772 2438 1880 2475 haud

177 2493 363 2528 innotuit.

222 2555 413 2592 Rhizoma
445 2566 733 2603 purpurascens
764 2556 788 2593 2
807 2567 900 2593 mm.
937 2565 1114 2592 crassum
1130 2565 1250 2602 supra
1276 2555 1417 2591 limum
1436 2564 1588 2599 repens.
1612 2551 1775 2604 vaginae
1794 2550 1881 2597 ple-

174 2613 338 2650 rumque
366 2607 457 2640 totae
477 2604 706 2641 secedentes
731 2604 795 2641 3-4
816 2604 970 2640 centim.
989 2604 1116 2648 longae
1138 2603 1162 2639 3
1181 2613 1273 2638 mm.
1292 2602 1394 2638 latae.
1412 2602 1523 2638 Folia
1545 2601 1594 2636 ad
1612 2601 1632 2635 4
1652 2599 1791 2634 decim.
1811 2599 1877 2650 (ex

172 2650 219 2686 el.
238 2650 366 2687 Webb
396 2661 521 2698 usque
543 2652 593 2687 ad
624 2652 643 2687 1
673 2655 784 2688 metr.
803 2651 938 2697 longa)
970 2651 1081 2695 1¹!r5
1109 2661 1200 2686 inm.
1224 2650 1314 2685 lata.
1348 2648 1601 2685 Peduneulus
1627 2647 1715 2700 ati-1
1738 2645 1875 2680 decim.

173 2697 327 2744 longus.
343 2699 530 2734 Antberae
546 2700 660 2734 navae
678 2699 1076 2746 coccineo-punctatae
1092 2699 1136 2734 15
1155 2708 1234 2733 mm
1253 2697 1392 2744 longae.
1412 2696 1595 2741 Carpella
1611 2692 1875 2730 albino-fusca

171 2745 195 2781 8
213 2755 305 2781 min.
334 2746 462 2792 longa.
482 2747 517 2782 A
538 2745 707 2783 Zosteris
727 2746 833 2782 foliis
855 2745 1106 2782 denticulatis
1125 2745 1237 2781 facile
1258 2744 1524 2791 distinguitur.

223 2810 283 2846 Ar.
301 2810 435 2855 Geoqr.
458 2810 566 2846 Mare
585 2810 947 2846 Mediterranneum
967 2812 1003 2845 et
1014 2810 1256 2845 Atlanticum
1273 2809 1320 2844 ad
1333 2808 1475 2851 Gades,
1490 2805 1712 2852 Tingidem,
1728 2802 1878 2856 insulas

173 2857 506 2903 Canai-iensesoe.
527 2857 850 2895 WebbianaJuss.
864 2860 900 2894 et
919 2858 957 2895 C.
973 2856 1239 2893 Preauoez'ana
1250 2856 1407 2902 Webb)‚
1428 2855 1476 2891 ad
1496 2865 1584 2890 oras
1594 2850 1880 2898 Sencgambioe.

238 2941 280 2982 ⁰2.
318 2939 381 2984 C.
411 2939 739 2985 rotundata
774 2941 925 2996 (Ellrb.
951 2945 993 2984 et
1029 2940 1206 2994 Hempr.
1230 2938 1377 2992 Symb.
1416 2939 1546 2992 Phys.
1574 2937 1657 2979 bot.
1686 2934 1768 2977 tab.
1799 2931 1876 2998 Xi,

185 3001 250 3053 1¹,
280 2999 392 3044 ined.
425 3001 508 3044 sub
532 2999 845 3054 thccayrosti)
874 3000 1019 3045 dissert
1045 3013 1068 3043 a
1095 3000 1237 3054 speeie
1266 2998 1402 3053 priori
1426 2998 1495 3041 cui
1522 2994 1740 3040 simillima
1766 2992 1878 3035 foliis
