2062 3314
257 226 334 266 388
999 231 1250 261 errantium
1690 219 1962 261 Heleoeharis.

325 311 364 353 7.
388 308 454 353 Η.
475 305 698 353 caduca
719 306 834 362 (Del.
864 307 1021 351 Descr.
1045 306 1121 362 Eg.
1143 319 1184 362 p.
1212 306 1308 360 134,
1335 304 1420 349 tab.
1446 305 1487 355 6,
1515 304 1590 359 fig.
1617 305 1643 347 Ξ
1679 305 1762 349 sub
1795 305 1968 360 Scio-po)

266 367 477 425 perennis
505 366 734 422 cespitosa‚
749 366 941 411 surculis
969 365 1230 410 radicalibus
1246 363 1453 409 tenuibus
1471 363 1742 417 repentibus,
1767 365 1966 409 caulibus

266 426 528 472 fasciculatis
567 426 776 469 tenuibus
812 425 970 469 erectis
1006 424 1099 467 basi
1131 423 1300 477 vaginis
1331 421 1609 467 brevissimis
1633 422 1804 477 obsitis,
1830 424 1964 479 spicis

267 485 573 531 terminalibus
596 483 793 538 oblongis
820 484 958 527 acutis
981 482 1203 535 tenuibus,
1218 480 1377 536 glumis
1392 484 1510 525 arcte
1532 481 1770 525 imbricatis
1787 482 1971 538 adpres-

267 547 332 590 sis
356 543 813 598 oblongo-lanceolatis
830 542 1144 586 obtusiusculis
1168 540 1326 596 pallide
1343 539 1571 594 brunneis‚
1590 540 1748 583 nucula
1767 541 1973 585 obovato-

267 604 495 660 pyrisormi
519 602 857 656 subcompressa
877 601 1002 655 nigra
1024 601 1136 650 laevi‚
1158 599 1349 643 mamilla
1381 599 1537 654 stylari
1570 598 1781 655 depresse
1810 600 1971 654 conica,

263 665 373 708 setis
396 663 473 706 5-6
496 661 656 704 nucula
673 660 802 704 tertia
825 664 949 715 parte
973 659 1242 714 longioribus
1274 659 1335 705 Ql.

312 737 415 774 Hab.
435 737 477 773 in
496 736 654 783 Egypto
673 734 860 771 inferiore
872 735 923 771 ad
941 735 1167 771 Damiatam
1185 733 1290 779 (Del.
1309 733 1383 781 qui
1401 731 1581 769 eamdem
1598 732 1768 780 speeiem
1787 733 1829 770 in
1849 732 1968 780 Syria

263 794 425 833 quoque
445 783 596 820 vidisse
613 782 739 828 dicit),
757 782 807 818 ad
820 782 869 818 El
889 781 1076 827 Chargeh
1095 781 1137 817 in
1155 780 1251 828 Oasi
1266 782 1413 827 magna
1430 778 1656 826 (Schweinf
1667 780 1708 826 l).

315 849 459 886 Caules
476 846 750 895 semipedales.
771 846 890 893 spieae
910 849 988 883 tres
1009 846 1137 882 lineas
1155 844 1285 892 longae
1302 845 1451 881 lineam
1468 853 1590 880 unam
1606 843 1696 880 basi
1712 843 1815 881 latae.

314 912 378 949 Ab
396 911 445 949 H.
474 907 657 958 capitata*
674 898 776 946 eollo
805 909 1022 950 sui-culoso,
1056 907 1222 955 spiculis
1261 906 1478 944 attenuatis
1517 907 1642 943 acutis
1674 906 1870 945 distincta..
1911 909 1974 946 Cl.

275 959 502 1009 ascherson
520 959 699 1006 plantam
718 966 769 993 ex
787 955 883 992 Oasi
900 966 970 1004 pro
988 955 1038 992 Η.
1060 952 1217 993 caduca*
1233 955 1318 992 Del.
1335 953 1513 1001 legitimo.
1530 954 1705 1000 agnovit.

328 1060 369 1103 8.
410 1059 485 1102 H.
530 1055 851 1102 aciculariS
893 1055 959 1110 (L.
995 1056 1072 1111 Sp.
1118 1056 1169 1098 71
1214 1054 1297 1099 sub
1339 1052 1515 1108 scirpo)
1551 1066 1712 1109 annua,
1735 1054 1971 1099 rhizomate

270 1118 464 1163 tenuiter
486 1119 683 1171 repente,
717 1115 872 1159 culmis
904 1114 1166 1158 fasciculatis
1187 1112 1466 1169 capillaribus
1488 1112 1700 1156 brevibus
1730 1114 1975 1168 tetragono-

271 1176 452 1221 sulcatis
471 1175 564 1219 basi
586 1175 741 1228 vagina
765 1176 967 1218 truncata
993 1173 1168 1228 aphylla
1181 1172 1532 1227 obsitis.spicula
1551 1172 1769 1218 terminali
1797 1173 1975 1218 minima

268 1236 457 1290 oblonga
481 1231 731 1291 munitiora,
752 1233 912 1288 glumis
934 1233 1045 1276 rufis
1066 1233 1264 1286 oblongis
1300 1231 1472 1276 obtusis
1498 1231 1692 1285 margine
1717 1233 1792 1276 vix
1816 1231 1973 1276 albidis

271 1294 423 1338 infima
446 1307 531 1338 non
555 1293 717 1347 majore
735 1293 914 1347 spiculae
934 1292 1060 1335 basin
1082 1292 1175 1335 fere
1192 1291 1497 1346 amplectente,
1514 1290 1790 1344 stigmatibus
1815 1293 1972 1343 ternis,

271 1354 434 1398 nucula
454 1353 638 1405 oblonga
660 1351 752 1395 basi
774 1353 996 1395 attenuata
1023 1349 1397 1405 longitudinaliter
1433 1351 1477 1391 et
1515 1349 1735 1394 subtiliter
1765 1351 1976 1401 costulata

273 1413 466 1456 mamilla
488 1410 643 1466 stylari
676 1410 853 1453 minima
880 1410 1026 1453 conica
1053 1411 1274 1464 superata,
1296 1409 1404 1452 setis
1438 1408 1589 1462 paucis
1620 1409 1795 1453 caducis
1817 1411 1978 1453 nucula

274 1472 407 1525 duplo
430 1469 706 1515 brevioribus
732 1473 794 1520 (Ξ).
818 1469 870 1512 Η,
894 1467 1132 1511 acleulari's
1149 1467 1286 1511 R.Br.
1302 1466 1459 1511 Prodr.
1486 1468 1607 1521 p.80.
1626 1490 1682 1500 —
1698 1469 1808 1512 Host
1828 1467 1974 1512 Gram.

272 1531 360 1574 tab.
397 1531 453 1573 60
505 1552 562 1562 —
596 1528 729 1572 Rchb.
764 1526 907 1571 Germ.
935 1528 1005 1581 fig.
1042 1528 1140 1571 695.
1177 1551 1236 1558 -
1266 1525 1539 1570 Linnochloa
1571 1526 1811 1571 anicularis·
1844 1527 1978 1570 Rchb.

274 1613 330 1622 -
358 1587 612 1642 Scirpidum
635 1586 862 1630 aciculare
884 1586 998 1630 Nees
1021 1586 1130 1630 Gen.
1152 1584 1298 1629 Germ.
1321 1586 1377 1629 Ic.

324 1664 426 1700 Hab.
458 1664 515 1700 in’
532 1663 686 1699 limosis
712 1665 749 1699 et
778 1662 953 1699 arenosis
985 1662 1036 1698 ad
1056 1661 1172 1709 ripae,
1209 1662 1334 1698 Guria
1366 1661 1703 1698 Transcaucasica
1725 1661 1906 1708 (Nordm.
1929 1672 1979 1698 ex

275 1711 440 1757 Ledeb.)
468 1713 507 1747 et
523 1709 636 1757 prob.
655 1709 765 1746 alibi.

327 1775 390 1811 Ar.
409 1774 543 1819 Geoqr.
564 1773 725 1820 Europa
745 1771 918 1808 borealis
947 1774 985 1808 et
1010 1770 1142 1807 media
1171 1781 1196 1808 a
1224 1771 1489 1808 Scandinavia
1513 1771 1564 1809 ad
1593 1770 1777 1808 Rossiam
1821 1771 1979 1809 Italiam

279 1821 464 1875 mediam,
480 1821 683 1868 regionem
705 1819 985 1866 Danubialem‚
1005 1819 1152 1856 Sibiria
1170 1820 1265 1865 tota,
1284 1818 1466 1866 saponis,
1485 1819 1603 1856 Nova
1620 1801 1846 1866 Hollandia,
1862 1820 1981 1856 Ame-

279 1879 371 1905 rica.
1651 1888 1655 1890 ,

637 2017 997 2069 Fffllnuswtls
1031 2017 1151 2080 (Vabl
1177 2017 1321 2067 Enum.
1352 2018 1395 2078 2,
1422 2033 1462 2082 p.
1489 2017 1612 2082 285).

338 2157 526 2214 Spiculae
556 2155 797 2212 pluriflorae
820 2153 1039 2206 solitariae,
1067 2153 1262 2210 capitalae
1285 2155 1353 2200 vel
1380 2154 1641 2198 umbellatae.
1666 2153 1832 2198 Glumae
1858 2154 1983 2198 undi-

276 2229 364 2273 que
391 2217 642 2260 imbricatae.
670 2214 820 2269 Stylus
864 2225 1144 2267 compressus
1186 2213 1430 2270 saepissime
1462 2214 1606 2258 hirtus
1650 2214 1743 2258 basi
1779 2213 1985 2258 bulboso-

278 2278 562 2321 incrassatus.
590 2275 703 2318 Setae
728 2274 971 2328 hypogynae
997 2272 1144 2317 nullae.
1181 2312 1184 2315 ,

338 2440 460 2486 ὃεατ.
488 2440 519 2483 Ι.
552 2436 1043 2483 EUFIMBRISTYLIS.
1066 2460 1126 2469 ——-
1152 2435 1303 2494 Stylus
1321 2438 1472 2483 'hirtus
1495 2437 1589 2481 basi
1614 2436 1799 2482 bulbosa
1822 2449 1921 2481 cum

689 2498 838 2542 ovario
862 2497 1091 2541 articulata
1112 2500 1156 2541 et
1178 2497 1354 2542 tandem
1381 2497 1576 2541 decidua.

341 2630 380 2673 1.
406 2628 463 2672 F.
486 2626 831 2683 ierruqinea
853 2624 935 2681 (L.'
951 2624 1023 2680 Sp.
1048 2626 1086 2675 Ι,
1122 2625 1195 2679 74,
1220 2626 1303 2670 sub
1331 2625 1501 2679 Scirpo)
1526 2625 1734 2682 perennis
1760 2625 1986 2682 cespitosa‚

279 2688 435 2732 culmis
469 2686 593 2730 elatis
632 2685 800 2729 striatis
835 2684 1202 2740 subcompressis‚
1225 2685 1339 2728 foliis
1361 2690 1547 2740 anguste
1571 2684 1809 2728 linearibus
1831 2685 1988 2728 canali·

277 2746 432 2791 culatis
466 2744 688 2789 interdum
710 2744 765 2787 ad
788 2743 992 2786 laminam
1024 2745 1202 2788 brevem
1238 2743 1449 2796 reductis,
1475 2744 1666 2787 umbella
1694 2743 1881 2799 simplici
1914 2743 1985 2787 vel

283 2804 606 2860 subcomposita
631 2801 890 2859 pedunculis
920 2802 1209 2857 inaequalibus
1250 2803 1466 2847 involucri
1498 2802 1658 2858 phyllis
1693 2803 1766 2846 1-3
1795 2802 1987 2857 longiore

281 2864 516 2908 umbellam
562 2861 784 2905 interdum
825 2865 1043 2917 aequante,
1073 2861 1255 2917 spiculis
1297 2862 1437 2905 ovatis
1488 2861 1784 2915 acutiusculis‚
1829 2861 1987 2915 glumis

282 2928 400 2966 arete
440 2921 679 2966 imbricatis
722 2920 863 2964 ovatis
896 2920 1102 2963 carinatis
1138 2920 1459 2964 rufescentibus
1493 2932 1686 2975 superne
1719 2919 1989 2973 ferrugineo-

281 2980 614 3026 eanescentibus
656 2980 804 3023 carina
844 2979 890 3023 in
929 2990 1182 3023 mucronem
1219 2979 1420 3035 abeunte,
1443 2979 1556 3035 stylo
1579 2979 1712 3023 bifido
1746 2978 1988 3023 fimbriato·
