2089 3246
92 228 276 266 Bromus.
833 238 1056 266 GnAmNaAE
1723 233 1798 271 649

151 313 222 354 21.
251 311 308 354 Β.
328 310 701 354 Matritensis
726 312 793 366 (L.
821 312 893 368 Sp.
926 312 1026 367 114)
1044 324 1234 363 annuus,
1263 312 1418 354 culmis
1442 315 1598 356 crectis
1622 317 1795 367 gracili-

90 370 173 413 bus
210 371 386 423 glabris,
431 371 542 412 foliis
589 371 828 415 linearibus
875 373 1014 425 planis
1059 371 1196 413 acutis
1243 372 1598 424 pubescentibus.
1659 375 1792 424 ligula

88 429 421 482 ovalo-oblonga
462 429 615 473 lacera.
656 431 865 483 paniculae
905 435 1062 473 erectae
1106 430 1403 483 subsimplicis
1458 431 1652 484 oblonga:
1701 435 1792 477 basi

88 492 321 532 attenuatae
341 489 472 530 ramis
502 488 710 531 brevibus
737 490 800 532 vel
826 490 1004 545 spiculae
1020 489 1278 543 aequilongis
1302 490 1459 531 erectis
1486 490 1652 533 scabris
1685 493 1791 535 infe·

90 547 283 591 rioribus
308 547 474 588 3-5·nis
501 548 857 596 subnutantibus,
889 549 1072 601 spiculis
1094 548 1259 601 glabris
1284 547 1348 590 vel
1378 549 1717 601 pubescentibus
1747 554 1794 594 5-

89 605 306 651 iit-noris.
336 606 495 658 glumis
542 612 724 658 anguste
769 606 1016 650 lanceolatis
1051 608 1189 650 acutis
1223 606 1427 649 inferiore
1465 610 1714 659 angustiore
1749 615 1793 654 ct

90 664 354 707 subdimidio
397 665 609 717 breviore,
648 666 832 708 floribus
874 666 1056 713 dissitis,
1079 666 1289 720 glumclla
1326 666 1792 713 lanceolato-suimlata

87 725 281 766 carinata
306 724 454 765 nervis
475 724 727 767 lateralibua
755 725 1049 768 subobsoletis
1073 724 1156 767 sub
1180 724 1301 777 apice
1327 726 1450 778 longe
1478 730 1518 768 et
1543 729 1793 771 acutissime

89 781 222 826 bifido
255 782 448 829 aristata,
485 784 618 825 arista
660 785 776 826 recta
812 785 876 827 vel
915 789 1166 827 extrorsum
1198 783 1378 826 incurva
1402 785 1648 837 glumellam
1689 788 1793 829 sub-

87 845 289 894 aequante
320 845 385 891 O.
414 842 523 884 Host
545 841 692 884 Gram.
717 842 747 890 1.
775 847 806 886 t.
828 844 891 887 17.
918 867 966 874 -
995 843 1044 885 Β.
1067 841 1382 895 polystaclzyus
1410 843 1456 885 l).
1483 842 1522 883 C.
1554 843 1612 885 κῚ.
1640 845 1708 887 Fr.
1739 870 1788 878 -

90 899 142 942 B.
176 899 398 941 mandras
436 900 556 943 Curt.
591 901 723 944 Lond.
762 902 846 945 tab.
879 902 921 945 5.
950 926 1007 932 -
1039 901 1090 945 B.
1126 903 1422 944 scaberre'mus
1450 902 1555 944 Ten.
1588 903 1648 945 Fl.
1685 904 1791 959 Nap.

86 960 171 1002 tab.
195 961 291 1001 105.

136 1034 237 1069 Hab.
255 1036 297 1070 in
315 1034 442 1079 cultis,
452 1035 697 1081 rupestribus
712 1036 850 1071 Atticae
862 1035 1054 1081 (Heldrl),
1065 1036 1190 1072 Cretae
1206 1035 1325 1079 (Raul
1338 1038 1375 1079 !),
1391 1036 1462 1070 inS.
1480 1036 1600 1071 Chios
1611 1037 1735 1082 (Orpb
1747 1039 1790 1083 !)‚

87 1080 219 1117 Rhodi
241 1081 329 1124 (Bal
349 1083 387 1127 l),
407 1081 849 1127 Macedoniae,Thraciae
871 1087 909 1119 et
930 1083 1128 1128 Bithyniae
1146 1083 1320 1127 (Griseb.
1336 1083 1420 1118 Nos?
1436 1084 1682 1127 l),Anntolia·
1697 1095 1789 1120 aus-

87 1129 195 1163 tralis
217 1129 554 1175 (Bourgl)‚Syriae
574 1131 758 1165 littoralis
777 1130 922 1176 (Gailll
945 1130 991 1165 Bl
1009 1132 1034 1174 1)
1049 1132 1086 1165 et
1105 1130 1300 1165 interioris
1320 1130 1370 1165 ad
1389 1130 1543 1176 Aleppo
1563 1135 1600 1165 ct
1622 1132 1790 1168 Damas-

89 1184 179 1210 cum
199 1176 343 1219 (Gaillt
366 1176 525 1212 Haussk
541 1179 581 1222 l),
600 1177 757 1213 Arabiae
786 1182 931 1224 petreae
961 1177 1158 1223 (Neergl),
1185 1178 1307 1222 Cypri
1335 1178 1487 1222 (Sintl),
1519 1178 1662 1213 Persian
1696 1189 1787 1215 aus-

89 1222 202 1258 tralis
223 1223 318 1268 (Ky.
338 1224 424 1259 148!
445 1224 656 1270 Haus³kl)‚
674 1225 832 1260 Tauriae
855 1224 1126 1260 meridionalis
1148 1224 1306 1270 (Stev.).

146 1288 192 1343 β.
216 1288 384 1331 Decilei.
425 1315 478 1320 -
521 1289 751 1345 Humilior,
782 1291 982 1345 panicula
1006 1290 1060 1332 ob
1101 1303 1242 1333 ramos
1267 1290 1548 1333 brevissimos
1576 1291 1784 1334 obovato-

86 1347 269 1401 oblonga
307 1350 513 1400 conferta,
556 1350 734 1403 spiculae
770 1350 936 1404 absque
975 1350 1123 1393 aristis
1160 1348 1236 1393 7-9
1271 1349 1405 1392 lineas
1443 1354 1608 1392 tantum
1651 1352 1788 1403 longae

87 1406 350 1462 flosculique
387 1409 594 1451 minores.
625 1434 679 1439 —
704 1409 757 1451 Β.
794 1409 958 1452 rubens
1004 1408 1122 1451 Desi.
1156 1408 1222 1451 lll.
1256 1422 1296 1464 p.
1324 1410 1424 1460 164,
1447 1410 1532 1451 tab.
1560 1411 1626 1461 11,
1658 1410 1727 1462 lig.
1761 1415 1785 1453 2

89 1477 174 1508 non
197 1465 241 1507 L.

137 1539 238 1574 Hab.
267 1539 306 1574 in
327 1539 414 1622 Egy
445 1543 482 1576 to
510 1541 612 1576 circa
634 1541 916 1578 Alexandriam
937 1540 1074 1588 (Del.),
1095 1541 1138 1577 in
1171 1540 1324 1578 deserto
1353 1541 1783 1588 AEgyptiaeo-Arabico

89 1587 213 1622 variis
229 1586 325 1622 locis
347 1590 361 1632 (
393 1598 412 1623 c
444 1588 576 1623 weinf.
598 1588 665 1624 28¹
688 1589 772 1625 130!
795 1589 887 1625 2531
907 1591 944 1624 et
959 1589 1077 1633 4561).

135 1650 241 1686 Inter
258 1650 307 1686 B.
327 1651 603 1689 Matrz'tensem
624 1656 662 1689 et
680 1652 727 1688 B.
751 1653 953 1690 rubentem
973 1668 1016 1686 ε
1038 1651 1087 1689 Β.
1104 1664 1399 1701 purpurascens
1423 1655 1507 1690 Del.
1528 1655 1640 1701 quasi
1660 1655 1781 1691 inter-

86 1697 242 1733 medius
260 1698 328 1734 sed
348 1699 468 1745 priori
490 1704 621 1736 tamen
644 1700 978 1736 adnumerandus.

133 1762 196 1798 Ar.
219 1763 351 1808 Geoqr.
366 1764 579 1810 Britannia,
595 1765 728 1801 Gallia
747 1766 942 1811 australis,
957 1764 1177 1812 Lusitania,
1191 1766 1402 1814 Hispania,
1424 1766 1550 1809 ltalia,
1569 1767 1783 1811 Dalmatia.

85 1808 217 1845 Africa
236 1810 413 1857 borealis,
431 1811 575 1847 insulae
596 1812 869 1849 Canarienses.

149 1929 217 1970 22.
241 1928 296 1971 B.
322 1928 561 1985 rigidus
596 1930 724 1985 (Roth
759 1932 801 1973 in
843 1931 976 1975 Raem.
1005 1933 1121 1976 Ann.
1159 1935 1227 1987 10,
1255 1947 1292 1988 p.
1315 1933 1390 1987 21]
1417 1946 1603 1981 annuus‘,
1627 1933 1785 1977 culmis

86 1987 225 2029 firmis
259 1989 421 2042 saepius
449 1990 574 2032 elatis
613 2001 806 2044 superne
846 1992 1200 2046 pubescentibus,
1224 1993 1336 2035 soliis
1370 1994 1605 2035 linearibus
1644 1993 1782 2045 planis

88 2046 343 2101 vaginisque
380 2047 542 2101 pilosis,
577 2049 707 2102 ligula
739 2050 924 2104 oblonga
951 2051 1106 2099 lacera.
1149 2053 1359 2106 paniculae
1395 2052 1589 2104 oblonga:
1629 2056 1786 2094 crcrtae

87 2104 298 2160 simplicis
328 2107 458 2149 ramis
483 2107 688 2150 velutinis
724 2109 931 2152 brevibus
969 2112 1141 2161 erectis,
1170 2111 1350 2165 spiculis
1381 2112 1406 2153 6
1428 2112 1599 2153 S-tioris
1623 2111 1785 2163 glabris

85 2164 229 2206 rarius
257 2165 594 2217 pubescentibus
621 2168 836 2217 maximis,
853 2169 1012 2221 glumis
1037 2170 1325 2223 inaequalibus
1350 2171 1597 2212 lanceolatis
1623 2171 1786 2213 acumi-

87 2224 200 2265 natis
224 2223 306 2265 late
329 2225 670 2268 membranaceis
690 2227 834 2269 carina
863 2229 1263 2282 scabris,glumella
1290 2231 1521 2272 lanceolata
1547 2230 1627 2272 late
1654 2240 1787 2271 mem-

84 2281 296 2324 branacea
336 2284 529 2326 carinata
562 2290 605 2327 et
635 2286 834 2328 elevatim
876 2288 1285 2342 subquinquencrvi
1316 2289 1398 2331 sub
1420 2289 1537 2342 apice
1563 2289 1789 2330 subulato-

86 2339 306 2384 bidentato
331 2343 372 2385 in
396 2344 572 2386 aristam
598 2344 831 2387 c·1rinatam
853 2346 1036 2388 validam
1061 2348 1367 2390 scaberrimam
1396 2352 1553 2390 rectam
1575 2351 1622 2389 ca
1653 2348 1787 2400 ‹luplo

84 2397 321 2453 longiorem
343 2402 549 2455 producta
577 2407 641 2453 Θ.
663 2402 712 2444 Β.
736 2403 958 2446 maximus
987 2405 1104 2449 Desl'.
1132 2407 1193 2449 Fl.
1222 2408 1308 2449 Atl.
1347 2407 1377 2457 1,
1398 2409 1470 2452 95,
1507 2408 1589 2448 tab.
1617 2408 1688 2449 125.
1733 2430 1788 2438 —

86 2457 136 2499 B.
163 2459 388 2502 maximus
412 2474 501 2504 var.
527 2463 669 2505 minor
696 2462 833 2506 Boiss.
865 2462 968 2518 Voy.
996 2465 1098 2519 Esp.
1123 2490 1178 2496 —
1210 2466 1258 2508 B.
1286 2466 1555 2507 Matritensis·
1586 2466 1678 2507 Del.
1708 2463 1781 2518 Eg,

85 2527 139 2559 ex
163 2518 293 2561 Ascli.

132 2592 234 2628 Hah.
258 2594 296 2628 in
316 2594 454 2630 Atticae
472 2595 671 2632 littoribus
691 2597 861 2643 (Sprunl
879 2597 1045 2642 Heldrl),
1061 2600 1177 2634 Creta
1195 2600 1243 2634 nd
1261 2600 1418 2635 Khania
1437 2601 1555 2644 (Raul
1571 2603 1609 2643 1),
1632 2603 1787 2650 Εργρίο

84 2638 135 2674 ad
163 2640 444 2677 Alexandriam
477 2643 599 2687 (Ebrl
629 2644 853 2689 Letournl),
888 2646 981 2681 Oasi
1013 2646 1160 2681 Dacliel
1189 2648 1308 2691 [Ascli
1326 2650 1363 2691 1),
1399 2648 1710 2684 'l'ranscnucasist
1744 2652 1784 2689 in

83 2683 213 2722 Iberia
233 2691 270 2722 et
290 2688 339 2723 ad
361 2699 467 2724 mare
490 2690 681 2735 Caspium
698 2691 884 2736 (Eichw.)

144 2753 188 2807 β.
216 2753 434 2797 Gussonei
456 2756 565 2798 Parl.
595 2757 653 2799 ΡΙ.
683 2757 731 2799 It.
757 2759 788 2803 l.
816 2772 856 2812 p.
886 2759 984 2800 407.
1011 2785 1060 2790 -—
1093 2760 1305 2803 i'aniculae
1331 2762 1506 2804 laxioris
1535 2764 1655 2817 apice
1682 2763 1788 2807 sub-

84 2813 279 2855 nutantis
300 2815 406 2856 rami
430 2816 630 2868 elongati.
656 2841 708 2847 —
734 2816 785 2858 Β.
816 2817 1033 2860 Gnssonei
1057 2819 1212 2861 Parlat.
1237 2820 1296 2862 ΡΙ.
1318 2833 1402 2862 rar.

132 2886 232 2923 Hah.
255 2889 293 2923 in
315 2889 443 2924 Attica
466 2889 664 2937 (Heldrl).
684 2893 814 2938 Cypro
834 2893 952 2937 (Rigo
967 2895 1003 2938 l),
1025 2893 1140 2939 Syria
1160 2894 1318 2929 littorali
1344 2895 1409 2936 (131
1430 2898 1467 2940 1).

133 2950 193 2985 Ar.
222 2951 357 2996 Geoqr.
375 2952 594 2998 Britannia,
612 2953 743 2989 Gallia
761 2955 1017 2991 occidentalis
1033 2961 1070 2992 et
1090 2957 1290 2999 australis,
1315 2957 1520 3005 Hispania,
1539 2961 1663 3005 Italia,
1685 2961 1787 2999 Dal-

90 2997 222 3042 matia,
241 2999 372 3034 Africa
391 2999 574 3045 borealis,
596 3001 737 3037 insulae
759 3003 1029 3039 Canai-tenses.
