<?xml version="1.0" encoding="UTF-8"?>
<!DOCTYPE html PUBLIC "-//W3C//DTD XHTML 1.0 Transitional//EN"
    "http://www.w3.org/TR/xhtml1/DTD/xhtml1-transitional.dtd">
<html xmlns="http://www.w3.org/1999/xhtml" xml:lang="en" lang="en">
 <head>
  <title>
</title>
<meta http-equiv="Content-Type" content="text/html;charset=utf-8" />
  <meta name='ocr-system' content='tesseract 3.04.00' />
  <meta name='ocr-capabilities' content='ocr_page ocr_carea ocr_par ocr_line ocrx_word'/>
</head>
<body>
  <div class='ocr_page' id='page_1' title='image "./floraorientaliss05bois/floraorientaliss05bois_0410.png"; bbox 0 0 2062 3314; ppageno 0'>
   <div class='ocr_carea' id='block_1_1' title="bbox 279 220 1991 265">
    <p class='ocr_par' dir='ltr' id='par_1_1' title="bbox 279 220 1991 265">
     <span class='ocr_line' id='line_1_1' title="bbox 279 220 1991 265; baseline 0.004 -8"><span class='ocrx_word' id='word_1_1' title='bbox 279 220 352 258; x_wconf 82' lang='lat'>402</span> <span class='ocrx_word' id='word_1_2' title='bbox 1009 232 1258 261; x_wconf 68' lang='lat' dir='ltr'>CYPERACEAE</span> <span class='ocrx_word' id='word_1_3' title='bbox 1830 225 1991 265; x_wconf 69' lang='lat' dir='ltr'>Careoe.</span> 
     </span>
    </p>
   </div>
   <div class='ocr_carea' id='block_1_2' title="bbox 910 340 1356 384">
    <p class='ocr_par' dir='ltr' id='par_1_2' title="bbox 910 340 1356 384">
     <span class='ocr_line' id='line_1_2' title="bbox 910 340 1356 384; baseline -0.002 -7"><span class='ocrx_word' id='word_1_4' title='bbox 910 342 951 384; x_wconf 74' lang='grc' dir='ltr'>-Ι-</span> <span class='ocrx_word' id='word_1_5' title='bbox 979 343 1021 384; x_wconf 64' lang='lat'>4—</span> <span class='ocrx_word' id='word_1_6' title='bbox 1048 340 1181 377; x_wconf 80' lang='lat' dir='ltr'>Radix</span> <span class='ocrx_word' id='word_1_7' title='bbox 1199 340 1356 377; x_wconf 87' lang='lat' dir='ltr'>fibrosa.</span> 
     </span>
    </p>
   </div>
   <div class='ocr_carea' id='block_1_3' title="bbox 270 438 1997 954">
    <p class='ocr_par' dir='ltr' id='par_1_3' title="bbox 270 438 1997 954">
     <span class='ocr_line' id='line_1_3' title="bbox 341 438 1997 500; baseline 0.004 -20"><span class='ocrx_word' id='word_1_8' title='bbox 341 439 408 480; x_wconf 73' lang='grc'>14.</span> <span class='ocrx_word' id='word_1_9' title='bbox 436 438 487 482; x_wconf 86' lang='lat' dir='ltr'>C.</span> <span class='ocrx_word' id='word_1_10' title='bbox 513 438 761 483; x_wconf 85' lang='lat' dir='ltr'>Curaica</span> <span class='ocrx_word' id='word_1_11' title='bbox 786 440 951 494; x_wconf 87' lang='lat' dir='ltr'>(Kuntb</span> <span class='ocrx_word' id='word_1_12' title='bbox 980 439 1087 496; x_wconf 85' lang='lat'>375)</span> <span class='ocrx_word' id='word_1_13' title='bbox 1113 441 1341 494; x_wconf 75' lang='lat' dir='ltr'>cespitosa‚</span> <span class='ocrx_word' id='word_1_14' title='bbox 1370 439 1514 483; x_wconf 83' lang='lat' dir='ltr'>radice</span> <span class='ocrx_word' id='word_1_15' title='bbox 1540 440 1720 493; x_wconf 78' lang='lat' dir='ltr'>fibrosa,</span> <span class='ocrx_word' id='word_1_16' title='bbox 1745 443 1859 486; x_wconf 82' lang='lat' dir='ltr'>foliis</span> <span class='ocrx_word' id='word_1_17' title='bbox 1886 445 1997 500; x_wconf 81' lang='lat' dir='ltr'>pla-</span> 
     </span>
     <span class='ocr_line' id='line_1_4' title="bbox 278 498 1993 556; baseline 0.005 -18"><span class='ocrx_word' id='word_1_18' title='bbox 278 498 345 540; x_wconf 89' lang='lat' dir='ltr'>nis</span> <span class='ocrx_word' id='word_1_19' title='bbox 381 498 638 540; x_wconf 78' lang='lat' dir='ltr'>acuminatis</span> <span class='ocrx_word' id='word_1_20' title='bbox 672 499 813 540; x_wconf 91' lang='lat' dir='ltr'>culmo</span> <span class='ocrx_word' id='word_1_21' title='bbox 856 499 1008 542; x_wconf 85' lang='lat' dir='ltr'>stricto</span> <span class='ocrx_word' id='word_1_22' title='bbox 1041 499 1333 550; x_wconf 86' lang='lat' dir='ltr'>brevioribus,</span> <span class='ocrx_word' id='word_1_23' title='bbox 1364 499 1544 551; x_wconf 85' lang='lat' dir='ltr'>spiculis</span> <span class='ocrx_word' id='word_1_24' title='bbox 1577 500 1679 542; x_wconf 83' lang='lat'>7-10</span> <span class='ocrx_word' id='word_1_25' title='bbox 1712 502 1993 556; x_wconf 79' lang='lat' dir='ltr'>androgynis</span> 
     </span>
     <span class='ocr_line' id='line_1_5' title="bbox 277 557 1993 614; baseline 0.005 -17"><span class='ocrx_word' id='word_1_26' title='bbox 277 568 468 609; x_wconf 75' lang='lat' dir='ltr'><strong>superne</strong></span> <span class='ocrx_word' id='word_1_27' title='bbox 494 557 697 599; x_wconf 89' lang='lat' dir='ltr'>masculis</span> <span class='ocrx_word' id='word_1_28' title='bbox 719 558 762 599; x_wconf 89' lang='lat' dir='ltr'>in</span> <span class='ocrx_word' id='word_1_29' title='bbox 790 558 952 611; x_wconf 83' lang='lat' dir='ltr'>spicam</span> <span class='ocrx_word' id='word_1_30' title='bbox 981 558 1208 612; x_wconf 84' lang='lat' dir='ltr'>oblongam</span> <span class='ocrx_word' id='word_1_31' title='bbox 1243 558 1678 611; x_wconf 77' lang='lat' dir='ltr'>fusco-ferrugineam</span> <span class='ocrx_word' id='word_1_32' title='bbox 1714 561 1993 614; x_wconf 67' lang='lat' dir='ltr'>conglobatis</span> 
     </span>
     <span class='ocr_line' id='line_1_6' title="bbox 276 615 1982 669; baseline 0.005 -13"><span class='ocrx_word' id='word_1_33' title='bbox 276 615 461 658; x_wconf 76' lang='lat' dir='ltr'><strong>bracteis</strong></span> <span class='ocrx_word' id='word_1_34' title='bbox 482 615 736 669; x_wconf 61' lang='lat' dir='ltr'>cuspidatus,</span> <span class='ocrx_word' id='word_1_35' title='bbox 761 617 918 669; x_wconf 87' lang='lat' dir='ltr'>glumis</span> <span class='ocrx_word' id='word_1_36' title='bbox 943 617 1083 659; x_wconf 86' lang='lat' dir='ltr'>ovatis</span> <span class='ocrx_word' id='word_1_37' title='bbox 1109 618 1248 660; x_wconf 89' lang='lat' dir='ltr'>acutis</span> <span class='ocrx_word' id='word_1_38' title='bbox 1274 617 1470 669; x_wconf 78' lang='lat' dir='ltr'><strong>margine</strong></span> <span class='ocrx_word' id='word_1_39' title='bbox 1504 616 1982 668; x_wconf 87' lang='lat' dir='ltr'>albo-membranaceis.</span> 
     </span>
     <span class='ocr_line' id='line_1_7' title="bbox 274 674 1992 730; baseline 0.003 -14"><span class='ocrx_word' id='word_1_40' title='bbox 274 674 549 726; x_wconf 80' lang='lat' dir='ltr'>stigmatibus</span> <span class='ocrx_word' id='word_1_41' title='bbox 588 675 710 724; x_wconf 90' lang='lat' dir='ltr'>binis,</span> <span class='ocrx_word' id='word_1_42' title='bbox 744 676 944 718; x_wconf 90' lang='lat' dir='ltr'>utriculis</span> <span class='ocrx_word' id='word_1_43' title='bbox 967 677 1106 718; x_wconf 87' lang='lat' dir='ltr'>ovatis</span> <span class='ocrx_word' id='word_1_44' title='bbox 1137 676 1494 730; x_wconf 86' lang='lat' dir='ltr'>plano-convexis</span> <span class='ocrx_word' id='word_1_45' title='bbox 1518 688 1603 719; x_wconf 88' lang='lat' dir='ltr'>non</span> <span class='ocrx_word' id='word_1_46' title='bbox 1644 677 1807 721; x_wconf 86' lang='lat' dir='ltr'>inflatis</span> <span class='ocrx_word' id='word_1_47' title='bbox 1842 679 1992 723; x_wconf 82' lang='lat' dir='ltr'>valide</span> 
     </span>
     <span class='ocr_line' id='line_1_8' title="bbox 277 733 1995 792; baseline 0.005 -19"><span class='ocrx_word' id='word_1_48' title='bbox 277 733 467 776; x_wconf 87' lang='lat' dir='ltr'>uervatis</span> <span class='ocrx_word' id='word_1_49' title='bbox 502 745 693 787; x_wconf 81' lang='lat' dir='ltr'>superne</span> <span class='ocrx_word' id='word_1_50' title='bbox 719 735 950 777; x_wconf 87' lang='lat' dir='ltr'>serrulatis</span> <span class='ocrx_word' id='word_1_51' title='bbox 971 734 1445 778; x_wconf 84' lang='lat' dir='ltr'>acuminato-rostratis</span> <span class='ocrx_word' id='word_1_52' title='bbox 1480 746 1556 777; x_wconf 88' lang='lat' dir='ltr'>ore</span> <span class='ocrx_word' id='word_1_53' title='bbox 1592 735 1768 791; x_wconf 90' lang='lat' dir='ltr'>obliquo</span> <span class='ocrx_word' id='word_1_54' title='bbox 1808 738 1995 792; x_wconf 71' lang='lat' dir='ltr'>hyalino</span> 
     </span>
     <span class='ocr_line' id='line_1_9' title="bbox 282 792 1982 847; baseline 0.001 -10"><span class='ocrx_word' id='word_1_55' title='bbox 282 793 342 837; x_wconf 67' lang='lat' dir='ltr'>Qt.</span> <span class='ocrx_word' id='word_1_56' title='bbox 368 792 406 834; x_wconf 86' lang='lat' dir='ltr'>C.</span> <span class='ocrx_word' id='word_1_57' title='bbox 433 795 561 833; x_wconf 80' lang='lat' dir='ltr'>ovata</span> <span class='ocrx_word' id='word_1_58' title='bbox 582 792 624 834; x_wconf 89' lang='lat' dir='ltr'>C.</span> <span class='ocrx_word' id='word_1_59' title='bbox 654 795 703 834; x_wconf 92' lang='lat' dir='ltr'>A.</span> <span class='ocrx_word' id='word_1_60' title='bbox 728 793 836 847; x_wconf 87' lang='lat' dir='ltr'>Mey.</span> <span class='ocrx_word' id='word_1_61' title='bbox 860 793 902 835; x_wconf 91' lang='lat' dir='ltr'>in</span> <span class='ocrx_word' id='word_1_62' title='bbox 930 792 1031 837; x_wconf 86' lang='lat' dir='ltr'>Led.</span> <span class='ocrx_word' id='word_1_63' title='bbox 1055 793 1119 836; x_wconf 85' lang='lat' dir='ltr'>Fl.</span> <span class='ocrx_word' id='word_1_64' title='bbox 1148 793 1233 838; x_wconf 82' lang='lat' dir='ltr'>Att.</span> <span class='ocrx_word' id='word_1_65' title='bbox 1263 794 1335 845; x_wconf 85' lang='lat' dir='ltr'>IV,</span> <span class='ocrx_word' id='word_1_66' title='bbox 1364 794 1462 836; x_wconf 73' lang='lat'><strong>⁶207.</strong></span> <span class='ocrx_word' id='word_1_67' title='bbox 1484 793 1542 835; x_wconf 89' lang='lat' dir='ltr'>Ic.</span> <span class='ocrx_word' id='word_1_68' title='bbox 1569 795 1658 837; x_wconf 90' lang='lat' dir='ltr'>Alt.</span> <span class='ocrx_word' id='word_1_69' title='bbox 1688 795 1771 838; x_wconf 88' lang='lat' dir='ltr'>tab.</span> <span class='ocrx_word' id='word_1_70' title='bbox 1803 798 1904 839; x_wconf 72' lang='lat'><strong>323.</strong></span> <span class='ocrx_word' id='word_1_71' title='bbox 1929 822 1982 830; x_wconf 94' lang='lat'><strong>—</strong></span> 
     </span>
     <span class='ocr_line' id='line_1_10' title="bbox 270 851 1996 905; baseline 0.005 -12"><span class='ocrx_word' id='word_1_72' title='bbox 270 851 314 893; x_wconf 84' lang='lat' dir='ltr'>C.</span> <span class='ocrx_word' id='word_1_73' title='bbox 343 851 529 892; x_wconf 58' lang='lat' dir='ltr'>&amp;recurva</span> <span class='ocrx_word' id='word_1_74' title='bbox 564 865 654 894; x_wconf 86' lang='lat' dir='ltr'>var.</span> <span class='ocrx_word' id='word_1_75' title='bbox 674 852 704 905; x_wconf 80' lang='grc' dir='ltr'><em>β</em></span> <span class='ocrx_word' id='word_1_76' title='bbox 733 851 902 895; x_wconf 87' lang='lat' dir='ltr'>Griseb.</span> <span class='ocrx_word' id='word_1_77' title='bbox 934 853 976 894; x_wconf 89' lang='lat' dir='ltr'>in</span> <span class='ocrx_word' id='word_1_78' title='bbox 1005 853 1103 896; x_wconf 87' lang='lat' dir='ltr'>Led.</span> <span class='ocrx_word' id='word_1_79' title='bbox 1134 853 1197 896; x_wconf 89' lang='lat' dir='ltr'>Fl.</span> <span class='ocrx_word' id='word_1_80' title='bbox 1226 854 1313 896; x_wconf 86' lang='lat' dir='ltr'>Alt.</span> <span class='ocrx_word' id='word_1_81' title='bbox 1342 878 1398 883; x_wconf 89' lang='lat'>——</span> <span class='ocrx_word' id='word_1_82' title='bbox 1418 851 1462 895; x_wconf 91' lang='lat' dir='ltr'>C.</span> <span class='ocrx_word' id='word_1_83' title='bbox 1494 851 1750 905; x_wconf 75' lang='lat' dir='ltr'>vulpinaris</span> <span class='ocrx_word' id='word_1_84' title='bbox 1787 855 1904 900; x_wconf 80' lang='lat' dir='ltr'>Nees</span> <span class='ocrx_word' id='word_1_85' title='bbox 1941 862 1996 901; x_wconf 82' lang='lat' dir='ltr'>et-</span> 
     </span>
     <span class='ocr_line' id='line_1_11' title="bbox 271 910 654 954; baseline 0.005 -4"><span class='ocrx_word' id='word_1_86' title='bbox 271 910 310 951; x_wconf 74' lang='lat' dir='ltr'>G.</span> <span class='ocrx_word' id='word_1_87' title='bbox 338 912 489 951; x_wconf 80' lang='lat' dir='ltr'>coacta</span> <span class='ocrx_word' id='word_1_88' title='bbox 513 911 654 954; x_wconf 83' lang='lat' dir='ltr'>Boott.</span> 
     </span>
    </p>
   </div>
   <div class='ocr_carea' id='block_1_4' title="bbox 319 993 1789 1040">
    <p class='ocr_par' dir='ltr' id='par_1_4' title="bbox 319 993 1789 1040">
     <span class='ocr_line' id='line_1_12' title="bbox 319 993 1789 1040; baseline 0.003 -12"><span class='ocrx_word' id='word_1_89' title='bbox 319 993 414 1028; x_wconf 82' lang='lat' dir='ltr'>Hab.</span> <span class='ocrx_word' id='word_1_90' title='bbox 434 994 475 1029; x_wconf 86' lang='lat' dir='ltr'>in</span> <span class='ocrx_word' id='word_1_91' title='bbox 503 993 712 1040; x_wconf 71' lang='lat' dir='ltr'>Affghauia</span> <span class='ocrx_word' id='word_1_92' title='bbox 729 994 856 1039; x_wconf 76' lang='lat' dir='ltr'>(Gi-iff.</span> <span class='ocrx_word' id='word_1_93' title='bbox 880 994 930 1031; x_wconf 66' lang='grc' dir='ltr'>ΝΟ</span> <span class='ocrx_word' id='word_1_94' title='bbox 958 995 1010 1030; x_wconf 90' lang='grc'>-79</span> <span class='ocrx_word' id='word_1_95' title='bbox 1028 1005 1076 1031; x_wconf 86' lang='lat' dir='ltr'>ex</span> <span class='ocrx_word' id='word_1_96' title='bbox 1093 994 1245 1040; x_wconf 83' lang='lat' dir='ltr'>Boott).</span> <span class='ocrx_word' id='word_1_97' title='bbox 1267 995 1298 1030; x_wconf 85' lang='lat' dir='ltr'>E</span> <span class='ocrx_word' id='word_1_98' title='bbox 1317 994 1468 1030; x_wconf 83' lang='lat' dir='ltr'>ditione</span> <span class='ocrx_word' id='word_1_99' title='bbox 1488 994 1669 1030; x_wconf 88' lang='lat' dir='ltr'>nondum</span> <span class='ocrx_word' id='word_1_100' title='bbox 1689 995 1789 1032; x_wconf 88' lang='lat' dir='ltr'>vidi.</span> 
     </span>
    </p>
   </div>
   <div class='ocr_carea' id='block_1_5' title="bbox 268 1056 1974 1152">
    <p class='ocr_par' dir='ltr' id='par_1_5' title="bbox 268 1056 1974 1152">
     <span class='ocr_line' id='line_1_13' title="bbox 316 1056 1974 1109; baseline 0.004 -16"><span class='ocrx_word' id='word_1_101' title='bbox 316 1060 350 1093; x_wconf 86' lang='lat' dir='ltr'><strong>A</strong></span> <span class='ocrx_word' id='word_1_102' title='bbox 379 1057 417 1094; x_wconf 88' lang='lat' dir='ltr'>C.</span> <span class='ocrx_word' id='word_1_103' title='bbox 445 1056 608 1095; x_wconf 66' lang='lat' dir='ltr'>incurvet</span> <span class='ocrx_word' id='word_1_104' title='bbox 639 1062 807 1104; x_wconf 76' lang='lat' dir='ltr'>quacum</span> <span class='ocrx_word' id='word_1_105' title='bbox 833 1059 996 1094; x_wconf 80' lang='lat' dir='ltr'>confusa</span> <span class='ocrx_word' id='word_1_106' title='bbox 1030 1059 1103 1094; x_wconf 83' lang='lat' dir='ltr'>fuit</span> <span class='ocrx_word' id='word_1_107' title='bbox 1133 1059 1265 1095; x_wconf 82' lang='lat' dir='ltr'>radice</span> <span class='ocrx_word' id='word_1_108' title='bbox 1296 1068 1376 1093; x_wconf 88' lang='lat' dir='ltr'>non</span> <span class='ocrx_word' id='word_1_109' title='bbox 1410 1057 1654 1102; x_wconf 73' lang='lat' dir='ltr'>stolonifera,</span> <span class='ocrx_word' id='word_1_110' title='bbox 1686 1059 1794 1096; x_wconf 76' lang='lat' dir='ltr'>foliis</span> <span class='ocrx_word' id='word_1_111' title='bbox 1824 1061 1974 1109; x_wconf 75' lang='lat' dir='ltr'>planis</span> 
     </span>
     <span class='ocr_line' id='line_1_14' title="bbox 268 1105 1568 1152; baseline -0.001 -11"><span class='ocrx_word' id='word_1_112' title='bbox 268 1105 410 1141; x_wconf 79' lang='lat' dir='ltr'>culmis</span> <span class='ocrx_word' id='word_1_113' title='bbox 431 1106 639 1152; x_wconf 80' lang='lat' dir='ltr'>pedalibus</span> <span class='ocrx_word' id='word_1_114' title='bbox 659 1106 814 1152; x_wconf 88' lang='lat' dir='ltr'>strictis,</span> <span class='ocrx_word' id='word_1_115' title='bbox 835 1107 1089 1141; x_wconf 87' lang='lat' dir='ltr'>utriculorum</span> <span class='ocrx_word' id='word_1_116' title='bbox 1111 1105 1407 1142; x_wconf 79' lang='lat' dir='ltr'>characteribus</span> <span class='ocrx_word' id='word_1_117' title='bbox 1428 1105 1568 1141; x_wconf 82' lang='lat' dir='ltr'>aliena.</span> 
     </span>
    </p>
   </div>
   <div class='ocr_carea' id='block_1_6' title="bbox 315 1168 1698 1215">
    <p class='ocr_par' dir='ltr' id='par_1_6' title="bbox 315 1168 1698 1215">
     <span class='ocr_line' id='line_1_15' title="bbox 315 1168 1698 1215; baseline 0.001 -11"><span class='ocrx_word' id='word_1_118' title='bbox 315 1170 378 1204; x_wconf 79' lang='lat' dir='ltr'>Ar.</span> <span class='ocrx_word' id='word_1_119' title='bbox 400 1168 534 1214; x_wconf 78' lang='lat' dir='ltr'>Geoqr.</span> <span class='ocrx_word' id='word_1_120' title='bbox 557 1169 763 1214; x_wconf 81' lang='lat' dir='ltr'>Songaria,</span> <span class='ocrx_word' id='word_1_121' title='bbox 784 1169 890 1215; x_wconf 79' lang='lat' dir='ltr'>regio</span> <span class='ocrx_word' id='word_1_122' title='bbox 912 1168 1144 1215; x_wconf 81' lang='lat' dir='ltr'>Himalaica,</span> <span class='ocrx_word' id='word_1_123' title='bbox 1164 1169 1319 1206; x_wconf 78' lang='lat' dir='ltr'>Sibiriae</span> <span class='ocrx_word' id='word_1_124' title='bbox 1340 1168 1482 1204; x_wconf 82' lang='lat' dir='ltr'>insulae</span> <span class='ocrx_word' id='word_1_125' title='bbox 1502 1168 1698 1205; x_wconf 83' lang='lat' dir='ltr'>Kuraicae.</span> 
     </span>
    </p>
   </div>
   <div class='ocr_carea' id='block_1_7' title="bbox 256 1285 1987 2000">
    <p class='ocr_par' dir='ltr' id='par_1_7' title="bbox 260 1285 1987 1805">
     <span class='ocr_line' id='line_1_16' title="bbox 333 1285 1982 1341; baseline 0.004 -14"><span class='ocrx_word' id='word_1_126' title='bbox 333 1287 393 1327; x_wconf 80' lang='grc'>15.</span> <span class='ocrx_word' id='word_1_127' title='bbox 421 1285 461 1329; x_wconf 89' lang='lat' dir='ltr'>C</span> <span class='ocrx_word' id='word_1_128' title='bbox 498 1285 748 1339; x_wconf 86' lang='lat' dir='ltr'>vulpina</span> <span class='ocrx_word' id='word_1_129' title='bbox 771 1285 839 1334; x_wconf 86' lang='lat' dir='ltr'>(L.</span> <span class='ocrx_word' id='word_1_130' title='bbox 859 1285 929 1340; x_wconf 86' lang='lat' dir='ltr'>Sp.</span> <span class='ocrx_word' id='word_1_131' title='bbox 960 1286 1092 1340; x_wconf 72' lang='grc'>1382)</span> <span class='ocrx_word' id='word_1_132' title='bbox 1116 1286 1348 1341; x_wconf 87' lang='lat' dir='ltr'>cespitosa,</span> <span class='ocrx_word' id='word_1_133' title='bbox 1375 1285 1614 1328; x_wconf 84' lang='lat' dir='ltr'>rhizomate</span> <span class='ocrx_word' id='word_1_134' title='bbox 1646 1285 1822 1341; x_wconf 88' lang='lat' dir='ltr'>obliquo</span> <span class='ocrx_word' id='word_1_135' title='bbox 1844 1288 1982 1335; x_wconf 82' lang='lat' dir='ltr'>libras</span> 
     </span>
     <span class='ocr_line' id='line_1_17' title="bbox 266 1345 1987 1399; baseline 0.004 -14"><span class='ocrx_word' id='word_1_136' title='bbox 266 1345 477 1387; x_wconf 80' lang='lat' dir='ltr'>radicales</span> <span class='ocrx_word' id='word_1_137' title='bbox 500 1345 669 1392; x_wconf 84' lang='lat' dir='ltr'>edente,</span> <span class='ocrx_word' id='word_1_138' title='bbox 695 1345 808 1387; x_wconf 84' lang='lat' dir='ltr'>soliis</span> <span class='ocrx_word' id='word_1_139' title='bbox 840 1345 978 1399; x_wconf 81' lang='lat' dir='ltr'>planis</span> <span class='ocrx_word' id='word_1_140' title='bbox 1003 1346 1207 1388; x_wconf 86' lang='lat' dir='ltr'>carinatis</span> <span class='ocrx_word' id='word_1_141' title='bbox 1232 1346 1401 1399; x_wconf 89' lang='lat' dir='ltr'>asperis</span> <span class='ocrx_word' id='word_1_142' title='bbox 1432 1345 1676 1388; x_wconf 87' lang='lat' dir='ltr'>latiusculis</span> <span class='ocrx_word' id='word_1_143' title='bbox 1700 1347 1865 1390; x_wconf 90' lang='lat' dir='ltr'>culmos</span> <span class='ocrx_word' id='word_1_144' title='bbox 1889 1350 1987 1392; x_wconf 76' lang='lat' dir='ltr'>ela--</span> 
     </span>
     <span class='ocr_line' id='line_1_18' title="bbox 264 1404 1978 1458; baseline 0.004 -14"><span class='ocrx_word' id='word_1_145' title='bbox 264 1408 329 1445; x_wconf 81' lang='lat' dir='ltr'>tos</span> <span class='ocrx_word' id='word_1_146' title='bbox 362 1409 485 1445; x_wconf 86' lang='lat' dir='ltr'>acute</span> <span class='ocrx_word' id='word_1_147' title='bbox 524 1405 766 1457; x_wconf 84' lang='lat' dir='ltr'>triquetros</span> <span class='ocrx_word' id='word_1_148' title='bbox 795 1416 976 1458; x_wconf 84' lang='lat' dir='ltr'>asperos</span> <span class='ocrx_word' id='word_1_149' title='bbox 1016 1404 1305 1458; x_wconf 75' lang='lat' dir='ltr'>aeqiiaiitibuS,</span> <span class='ocrx_word' id='word_1_150' title='bbox 1335 1404 1453 1458; x_wconf 75' lang='lat' dir='ltr'>spica</span> <span class='ocrx_word' id='word_1_151' title='bbox 1491 1404 1786 1458; x_wconf 80' lang='lat' dir='ltr'>decomposita</span> <span class='ocrx_word' id='word_1_152' title='bbox 1826 1412 1978 1451; x_wconf 77' lang='lat' dir='ltr'>crassa</span> 
     </span>
     <span class='ocr_line' id='line_1_19' title="bbox 261 1463 1977 1520; baseline 0.003 -16"><span class='ocrx_word' id='word_1_153' title='bbox 261 1464 445 1519; x_wconf 75' lang='lat' dir='ltr'>oblonga</span> <span class='ocrx_word' id='word_1_154' title='bbox 471 1464 536 1506; x_wconf 85' lang='lat' dir='ltr'>vel</span> <span class='ocrx_word' id='word_1_155' title='bbox 565 1464 761 1517; x_wconf 76' lang='lat' dir='ltr'>elongata</span> <span class='ocrx_word' id='word_1_156' title='bbox 787 1463 1050 1517; x_wconf 77' lang='lat' dir='ltr'>interrupta.</span> <span class='ocrx_word' id='word_1_157' title='bbox 1075 1464 1256 1518; x_wconf 90' lang='lat' dir='ltr'>spiculis</span> <span class='ocrx_word' id='word_1_158' title='bbox 1278 1463 1526 1505; x_wconf 85' lang='lat' dir='ltr'>multifloris</span> <span class='ocrx_word' id='word_1_159' title='bbox 1552 1464 1775 1506; x_wconf 89' lang='lat' dir='ltr'>interdum</span> <span class='ocrx_word' id='word_1_160' title='bbox 1799 1478 1977 1520; x_wconf 92' lang='lat' dir='ltr'>compo-</span> 
     </span>
     <span class='ocr_line' id='line_1_20' title="bbox 260 1522 1974 1577; baseline 0.004 -15"><span class='ocrx_word' id='word_1_161' title='bbox 260 1523 357 1564; x_wconf 81' lang='lat' dir='ltr'>sitis</span> <span class='ocrx_word' id='word_1_162' title='bbox 381 1534 572 1575; x_wconf 82' lang='lat' dir='ltr'>superne</span> <span class='ocrx_word' id='word_1_163' title='bbox 602 1523 804 1564; x_wconf 82' lang='lat' dir='ltr'>masculis</span> <span class='ocrx_word' id='word_1_164' title='bbox 830 1524 1045 1576; x_wconf 79' lang='lat' dir='ltr'>congestis</span> <span class='ocrx_word' id='word_1_165' title='bbox 1073 1522 1276 1569; x_wconf 87' lang='lat' dir='ltr'>omnibus</span> <span class='ocrx_word' id='word_1_166' title='bbox 1302 1523 1368 1565; x_wconf 90' lang='lat' dir='ltr'>vel</span> <span class='ocrx_word' id='word_1_167' title='bbox 1398 1522 1680 1566; x_wconf 85' lang='lat' dir='ltr'>inferioribus</span> <span class='ocrx_word' id='word_1_168' title='bbox 1711 1525 1835 1577; x_wconf 88' lang='lat' dir='ltr'>longe</span> <span class='ocrx_word' id='word_1_169' title='bbox 1859 1530 1974 1569; x_wconf 86' lang='lat' dir='ltr'>seta-</span> 
     </span>
     <span class='ocr_line' id='line_1_21' title="bbox 260 1581 1980 1637; baseline 0.003 -15"><span class='ocrx_word' id='word_1_170' title='bbox 260 1582 604 1633; x_wconf 78' lang='lat' dir='ltr'>cco-bractealis,</span> <span class='ocrx_word' id='word_1_171' title='bbox 627 1582 788 1634; x_wconf 80' lang='lat' dir='ltr'>glumis</span> <span class='ocrx_word' id='word_1_172' title='bbox 808 1582 946 1623; x_wconf 86' lang='lat' dir='ltr'>ovatis</span> <span class='ocrx_word' id='word_1_173' title='bbox 971 1583 1108 1625; x_wconf 87' lang='lat' dir='ltr'>acutis</span> <span class='ocrx_word' id='word_1_174' title='bbox 1137 1583 1200 1624; x_wconf 92' lang='lat' dir='ltr'>vel</span> <span class='ocrx_word' id='word_1_175' title='bbox 1227 1581 1484 1625; x_wconf 82' lang='lat' dir='ltr'>acuminatis</span> <span class='ocrx_word' id='word_1_176' title='bbox 1504 1582 1644 1625; x_wconf 85' lang='lat' dir='ltr'>fructu</span> <span class='ocrx_word' id='word_1_177' title='bbox 1671 1582 1980 1637; x_wconf 51' lang='lat' dir='ltr'>brevioribu&amp;</span> 
     </span>
     <span class='ocr_line' id='line_1_22' title="bbox 260 1641 1973 1695; baseline 0.004 -15"><span class='ocrx_word' id='word_1_178' title='bbox 260 1641 534 1693; x_wconf 75' lang='lat' dir='ltr'>stigmatibus</span> <span class='ocrx_word' id='word_1_179' title='bbox 553 1641 680 1690; x_wconf 76' lang='lat' dir='ltr'>binis,</span> <span class='ocrx_word' id='word_1_180' title='bbox 697 1641 895 1684; x_wconf 87' lang='lat' dir='ltr'>utriculis</span> <span class='ocrx_word' id='word_1_181' title='bbox 915 1641 1426 1695; x_wconf 83' lang='lat' dir='ltr'>squarroso-patentibus</span> <span class='ocrx_word' id='word_1_182' title='bbox 1450 1642 1807 1694; x_wconf 86' lang='lat' dir='ltr'>plano-convexis</span> <span class='ocrx_word' id='word_1_183' title='bbox 1825 1647 1973 1686; x_wconf 87' lang='lat' dir='ltr'>ovato-</span> 
     </span>
     <span class='ocr_line' id='line_1_23' title="bbox 262 1700 1962 1755; baseline 0.003 -14"><span class='ocrx_word' id='word_1_184' title='bbox 262 1700 508 1742; x_wconf 72' lang='lat' dir='ltr'>lanccolatis</span> <span class='ocrx_word' id='word_1_185' title='bbox 547 1701 587 1741; x_wconf 84' lang='lat' dir='ltr'>in</span> <span class='ocrx_word' id='word_1_186' title='bbox 625 1704 816 1742; x_wconf 77' lang='lat' dir='ltr'>rostrum</span> <span class='ocrx_word' id='word_1_187' title='bbox 847 1701 1024 1742; x_wconf 82' lang='lat' dir='ltr'>bifidum</span> <span class='ocrx_word' id='word_1_188' title='bbox 1056 1702 1248 1755; x_wconf 82' lang='lat' dir='ltr'>margine</span> <span class='ocrx_word' id='word_1_189' title='bbox 1274 1700 1588 1743; x_wconf 87' lang='lat' dir='ltr'>scaberrimum</span> <span class='ocrx_word' id='word_1_190' title='bbox 1611 1702 1962 1746; x_wconf 79' lang='lat' dir='ltr'>acuminato-ros-</span> 
     </span>
     <span class='ocr_line' id='line_1_24' title="bbox 260 1759 1501 1805; baseline 0.001 -6"><span class='ocrx_word' id='word_1_191' title='bbox 260 1760 382 1801; x_wconf 80' lang='lat' dir='ltr'>tratis</span> <span class='ocrx_word' id='word_1_192' title='bbox 412 1760 541 1802; x_wconf 83' lang='lat' dir='ltr'>‹lorso</span> <span class='ocrx_word' id='word_1_193' title='bbox 570 1759 833 1801; x_wconf 77' lang='lat' dir='ltr'>5-7-nerviis</span> <span class='ocrx_word' id='word_1_194' title='bbox 871 1762 929 1805; x_wconf 69' lang='lat' dir='ltr'>Qt.</span> <span class='ocrx_word' id='word_1_195' title='bbox 957 1759 1087 1802; x_wconf 87' lang='lat' dir='ltr'>Rchb.</span> <span class='ocrx_word' id='word_1_196' title='bbox 1117 1760 1261 1802; x_wconf 80' lang='lat' dir='ltr'>Germ.</span> <span class='ocrx_word' id='word_1_197' title='bbox 1287 1761 1370 1802; x_wconf 82' lang='lat' dir='ltr'>tab.</span> <span class='ocrx_word' id='word_1_198' title='bbox 1403 1761 1501 1801; x_wconf 69' lang='lat'>217.</span> 
     </span>
    </p>

    <p class='ocr_par' dir='ltr' id='par_1_8' title="bbox 256 1841 1962 2000">
     <span class='ocr_line' id='line_1_25' title="bbox 307 1841 1962 1889; baseline 0.002 -13"><span class='ocrx_word' id='word_1_199' title='bbox 307 1842 406 1877; x_wconf 74' lang='lat' dir='ltr'>liab.</span> <span class='ocrx_word' id='word_1_200' title='bbox 426 1844 464 1877; x_wconf 87' lang='lat' dir='ltr'>in</span> <span class='ocrx_word' id='word_1_201' title='bbox 485 1843 700 1889; x_wconf 70' lang='lat' dir='ltr'>paludosis,</span> <span class='ocrx_word' id='word_1_202' title='bbox 723 1842 771 1878; x_wconf 80' lang='lat' dir='ltr'>ad</span> <span class='ocrx_word' id='word_1_203' title='bbox 788 1846 913 1878; x_wconf 52' lang='lat' dir='ltr'>loss-as</span> <span class='ocrx_word' id='word_1_204' title='bbox 932 1845 968 1877; x_wconf 88' lang='lat' dir='ltr'>et</span> <span class='ocrx_word' id='word_1_205' title='bbox 990 1844 1097 1878; x_wconf 87' lang='lat' dir='ltr'>rivos</span> <span class='ocrx_word' id='word_1_206' title='bbox 1116 1842 1194 1877; x_wconf 85' lang='lat' dir='ltr'>fere</span> <span class='ocrx_word' id='word_1_207' title='bbox 1216 1842 1366 1888; x_wconf 84' lang='lat' dir='ltr'>ubique</span> <span class='ocrx_word' id='word_1_208' title='bbox 1390 1841 1430 1876; x_wconf 92' lang='lat' dir='ltr'>in</span> <span class='ocrx_word' id='word_1_209' title='bbox 1465 1841 1626 1886; x_wconf 84' lang='lat' dir='ltr'>ditione,</span> <span class='ocrx_word' id='word_1_210' title='bbox 1661 1842 1834 1878; x_wconf 83' lang='lat' dir='ltr'>Graecial</span> <span class='ocrx_word' id='word_1_211' title='bbox 1866 1844 1962 1880; x_wconf 80' lang='lat' dir='ltr'>Asia</span> 
     </span>
     <span class='ocr_line' id='line_1_26' title="bbox 256 1888 1893 1936; baseline 0.002 -13"><span class='ocrx_word' id='word_1_212' title='bbox 256 1890 399 1925; x_wconf 68' lang='lat' dir='ltr'>minui-t</span> <span class='ocrx_word' id='word_1_213' title='bbox 423 1890 579 1936; x_wconf 68' lang='lat' dir='ltr'>Cyprus</span> <span class='ocrx_word' id='word_1_214' title='bbox 599 1892 617 1925; x_wconf 81' lang='lat'>!.</span> <span class='ocrx_word' id='word_1_215' title='bbox 637 1891 752 1935; x_wconf 67' lang='lat' dir='ltr'>Syria</span> <span class='ocrx_word' id='word_1_216' title='bbox 772 1891 954 1925; x_wconf 73' lang='lat' dir='ltr'>littoralis</span> <span class='ocrx_word' id='word_1_217' title='bbox 981 1894 1018 1925; x_wconf 91' lang='lat' dir='ltr'>et</span> <span class='ocrx_word' id='word_1_218' title='bbox 1038 1890 1213 1926; x_wconf 77' lang='lat' dir='ltr'>Libanus</span> <span class='ocrx_word' id='word_1_219' title='bbox 1234 1889 1317 1934; x_wconf 78' lang='grc' dir='ltr'>(ΒΗ</span> <span class='ocrx_word' id='word_1_220' title='bbox 1346 1888 1503 1934; x_wconf 82' lang='lat' dir='ltr'>Gailll),</span> <span class='ocrx_word' id='word_1_221' title='bbox 1522 1899 1632 1934; x_wconf 85' lang='lat' dir='ltr'>prov.</span> <span class='ocrx_word' id='word_1_222' title='bbox 1656 1889 1893 1926; x_wconf 79' lang='lat' dir='ltr'>Caucasicae.</span> 
     </span>
     <span class='ocr_line' id='line_1_27' title="bbox 302 1951 1842 2000; baseline 0 -12"><span class='ocrx_word' id='word_1_223' title='bbox 302 1956 363 1988; x_wconf 88' lang='lat' dir='ltr'>Ar.</span> <span class='ocrx_word' id='word_1_224' title='bbox 382 1955 514 1998; x_wconf 76' lang='lat' dir='ltr'>Geoqr.</span> <span class='ocrx_word' id='word_1_225' title='bbox 537 1953 694 2000; x_wconf 73' lang='lat' dir='ltr'>Europa</span> <span class='ocrx_word' id='word_1_226' title='bbox 716 1956 806 1996; x_wconf 86' lang='lat' dir='ltr'>tota,</span> <span class='ocrx_word' id='word_1_227' title='bbox 829 1954 973 1988; x_wconf 70' lang='lat' dir='ltr'>Sibiria</span> <span class='ocrx_word' id='word_1_228' title='bbox 993 1953 1145 1989; x_wconf 83' lang='lat' dir='ltr'>Altaica</span> <span class='ocrx_word' id='word_1_229' title='bbox 1165 1957 1201 1989; x_wconf 88' lang='lat' dir='ltr'>et</span> <span class='ocrx_word' id='word_1_230' title='bbox 1220 1952 1482 1998; x_wconf 74' lang='lat' dir='ltr'>BaikalensiS,</span> <span class='ocrx_word' id='word_1_231' title='bbox 1509 1951 1638 1987; x_wconf 71' lang='lat' dir='ltr'>Africa</span> <span class='ocrx_word' id='word_1_232' title='bbox 1659 1951 1842 1988; x_wconf 85' lang='lat' dir='ltr'>borealis.</span> 
     </span>
    </p>
   </div>
   <div class='ocr_carea' id='block_1_8' title="bbox 247 2070 1972 2591">
    <p class='ocr_par' dir='ltr' id='par_1_9' title="bbox 247 2070 1972 2591">
     <span class='ocr_line' id='line_1_28' title="bbox 321 2070 1963 2127; baseline 0.001 -13"><span class='ocrx_word' id='word_1_233' title='bbox 321 2075 383 2114; x_wconf 77' lang='lat' dir='ltr'>tu.</span> <span class='ocrx_word' id='word_1_234' title='bbox 424 2074 476 2116; x_wconf 93' lang='lat' dir='ltr'>C.</span> <span class='ocrx_word' id='word_1_235' title='bbox 512 2071 901 2127; x_wconf 84' lang='lat' dir='ltr'>vulpinoidea</span> <span class='ocrx_word' id='word_1_236' title='bbox 940 2073 1084 2124; x_wconf 68' lang='lat' dir='ltr'>(Mic-li.</span> <span class='ocrx_word' id='word_1_237' title='bbox 1130 2072 1191 2113; x_wconf 88' lang='lat' dir='ltr'>Fl.</span> <span class='ocrx_word' id='word_1_238' title='bbox 1231 2072 1377 2113; x_wconf 85' lang='lat' dir='ltr'>Amer.</span> <span class='ocrx_word' id='word_1_239' title='bbox 1413 2070 1468 2122; x_wconf 89' lang='grc' dir='ltr'>ΙΙ,</span> <span class='ocrx_word' id='word_1_240' title='bbox 1508 2084 1546 2124; x_wconf 90' lang='lat' dir='ltr'>p.</span> <span class='ocrx_word' id='word_1_241' title='bbox 1596 2071 1692 2125; x_wconf 80' lang='lat'>169)</span> <span class='ocrx_word' id='word_1_242' title='bbox 1733 2073 1963 2126; x_wconf 81' lang='lat' dir='ltr'>cespitosa.</span> 
     </span>
     <span class='ocr_line' id='line_1_29' title="bbox 255 2130 1972 2186; baseline 0 -11"><span class='ocrx_word' id='word_1_243' title='bbox 255 2134 397 2175; x_wconf 75' lang='lat' dir='ltr'>radice</span> <span class='ocrx_word' id='word_1_244' title='bbox 437 2133 609 2183; x_wconf 68' lang='lat' dir='ltr'>libroszi,</span> <span class='ocrx_word' id='word_1_245' title='bbox 637 2133 748 2173; x_wconf 80' lang='lat' dir='ltr'>soliis</span> <span class='ocrx_word' id='word_1_246' title='bbox 775 2133 912 2174; x_wconf 81' lang='lat' dir='ltr'>firmis</span> <span class='ocrx_word' id='word_1_247' title='bbox 945 2136 1127 2185; x_wconf 86' lang='lat' dir='ltr'>anguste</span> <span class='ocrx_word' id='word_1_248' title='bbox 1152 2130 1392 2173; x_wconf 84' lang='lat' dir='ltr'>linearibus</span> <span class='ocrx_word' id='word_1_249' title='bbox 1425 2132 1568 2172; x_wconf 89' lang='lat' dir='ltr'>culmo</span> <span class='ocrx_word' id='word_1_250' title='bbox 1606 2132 1720 2173; x_wconf 88' lang='lat' dir='ltr'>elato</span> <span class='ocrx_word' id='word_1_251' title='bbox 1747 2131 1972 2186; x_wconf 85' lang='lat' dir='ltr'>triquetro·</span> 
     </span>
     <span class='ocr_line' id='line_1_30' title="bbox 253 2189 1963 2245; baseline 0.001 -13"><span class='ocrx_word' id='word_1_252' title='bbox 253 2192 451 2235; x_wconf 69' lang='lat' dir='ltr'>scatit-ido</span> <span class='ocrx_word' id='word_1_253' title='bbox 491 2192 745 2245; x_wconf 70' lang='lat' dir='ltr'>:equitoiigis</span> <span class='ocrx_word' id='word_1_254' title='bbox 786 2193 852 2233; x_wconf 86' lang='lat' dir='ltr'>vel</span> <span class='ocrx_word' id='word_1_255' title='bbox 895 2192 1175 2245; x_wconf 83' lang='lat' dir='ltr'>longioribus,</span> <span class='ocrx_word' id='word_1_256' title='bbox 1204 2191 1322 2243; x_wconf 76' lang='lat' dir='ltr'>spica</span> <span class='ocrx_word' id='word_1_257' title='bbox 1359 2189 1653 2242; x_wconf 71' lang='lat' dir='ltr'>decomposita</span> <span class='ocrx_word' id='word_1_258' title='bbox 1683 2190 1867 2244; x_wconf 77' lang='lat' dir='ltr'>oblonga</span> <span class='ocrx_word' id='word_1_259' title='bbox 1894 2192 1963 2234; x_wconf 85' lang='lat' dir='ltr'>vel</span> 
     </span>
     <span class='ocr_line' id='line_1_31' title="bbox 251 2249 1964 2305; baseline -0.001 -12"><span class='ocrx_word' id='word_1_260' title='bbox 251 2255 449 2304; x_wconf 70' lang='lat' dir='ltr'>elongata</span> <span class='ocrx_word' id='word_1_261' title='bbox 487 2252 805 2303; x_wconf 70' lang='lat' dir='ltr'>conglomerata</span> <span class='ocrx_word' id='word_1_262' title='bbox 849 2262 963 2305; x_wconf 69' lang='lat' dir='ltr'>saepe</span> <span class='ocrx_word' id='word_1_263' title='bbox 990 2251 1080 2292; x_wconf 81' lang='lat' dir='ltr'>basi</span> <span class='ocrx_word' id='word_1_264' title='bbox 1106 2251 1358 2303; x_wconf 72' lang='lat' dir='ltr'>interrupta</span> <span class='ocrx_word' id='word_1_265' title='bbox 1398 2249 1573 2302; x_wconf 76' lang='lat' dir='ltr'>pallida.</span> <span class='ocrx_word' id='word_1_266' title='bbox 1598 2249 1779 2302; x_wconf 87' lang='lat' dir='ltr'>spiculis</span> <span class='ocrx_word' id='word_1_267' title='bbox 1817 2251 1964 2292; x_wconf 90' lang='lat' dir='ltr'>multi-</span> 
     </span>
     <span class='ocr_line' id='line_1_32' title="bbox 253 2309 1961 2363; baseline 0 -11"><span class='ocrx_word' id='word_1_268' title='bbox 253 2312 372 2352; x_wconf 71' lang='lat' dir='ltr'>lieris</span> <span class='ocrx_word' id='word_1_269' title='bbox 398 2312 563 2353; x_wconf 76' lang='lat' dir='ltr'>interne</span> <span class='ocrx_word' id='word_1_270' title='bbox 579 2310 830 2363; x_wconf 82' lang='lat' dir='ltr'>compositis</span> <span class='ocrx_word' id='word_1_271' title='bbox 853 2310 1011 2363; x_wconf 79' lang='lat' dir='ltr'>saepius</span> <span class='ocrx_word' id='word_1_272' title='bbox 1030 2309 1455 2352; x_wconf 74' lang='lat' dir='ltr'>setaceo-liracteatis</span> <span class='ocrx_word' id='word_1_273' title='bbox 1475 2309 1741 2360; x_wconf 85' lang='lat' dir='ltr'>androgynis</span> <span class='ocrx_word' id='word_1_274' title='bbox 1766 2321 1961 2361; x_wconf 85' lang='lat' dir='ltr'>superne</span> 
     </span>
     <span class='ocr_line' id='line_1_33' title="bbox 252 2366 1960 2423; baseline 0 -12"><span class='ocrx_word' id='word_1_275' title='bbox 252 2371 471 2417; x_wconf 73' lang='lat' dir='ltr'>masculis,</span> <span class='ocrx_word' id='word_1_276' title='bbox 497 2369 653 2423; x_wconf 86' lang='lat' dir='ltr'>glumis</span> <span class='ocrx_word' id='word_1_277' title='bbox 691 2369 829 2411; x_wconf 69' lang='lat' dir='ltr'>oratis</span> <span class='ocrx_word' id='word_1_278' title='bbox 855 2369 1093 2422; x_wconf 85' lang='lat' dir='ltr'>cuspidatis</span> <span class='ocrx_word' id='word_1_279' title='bbox 1119 2369 1260 2410; x_wconf 84' lang='lat' dir='ltr'>fructu</span> <span class='ocrx_word' id='word_1_280' title='bbox 1291 2366 1649 2421; x_wconf 64' lang='lat' dir='ltr'>subaequilongis,</span> <span class='ocrx_word' id='word_1_281' title='bbox 1678 2369 1960 2421; x_wconf 83' lang='lat' dir='ltr'>stigmatibus</span> 
     </span>
     <span class='ocr_line' id='line_1_34' title="bbox 250 2426 1957 2481; baseline 0.001 -12"><span class='ocrx_word' id='word_1_282' title='bbox 250 2430 383 2479; x_wconf 83' lang='lat' dir='ltr'>binis,</span> <span class='ocrx_word' id='word_1_283' title='bbox 414 2429 612 2471; x_wconf 81' lang='lat' dir='ltr'>utriculis</span> <span class='ocrx_word' id='word_1_284' title='bbox 653 2433 768 2469; x_wconf 81' lang='lat' dir='ltr'>arcte</span> <span class='ocrx_word' id='word_1_285' title='bbox 803 2428 1038 2470; x_wconf 77' lang='lat' dir='ltr'>imbricatis</span> <span class='ocrx_word' id='word_1_286' title='bbox 1075 2427 1406 2481; x_wconf 82' lang='lat' dir='ltr'>divergentibus</span> <span class='ocrx_word' id='word_1_287' title='bbox 1430 2426 1569 2468; x_wconf 86' lang='lat' dir='ltr'>ovatis</span> <span class='ocrx_word' id='word_1_288' title='bbox 1597 2428 1957 2480; x_wconf 81' lang='lat' dir='ltr'>plano-convexis</span> 
     </span>
     <span class='ocr_line' id='line_1_35' title="bbox 247 2485 1953 2541; baseline -0.001 -12"><span class='ocrx_word' id='word_1_289' title='bbox 247 2492 433 2541; x_wconf 81' lang='lat' dir='ltr'>abrupte</span> <span class='ocrx_word' id='word_1_290' title='bbox 485 2488 928 2530; x_wconf 81' lang='lat' dir='ltr'>rostrato—attenuatis</span> <span class='ocrx_word' id='word_1_291' title='bbox 969 2487 1111 2529; x_wconf 85' lang='lat' dir='ltr'>bitidis</span> <span class='ocrx_word' id='word_1_292' title='bbox 1157 2486 1351 2540; x_wconf 82' lang='lat' dir='ltr'>margine</span> <span class='ocrx_word' id='word_1_293' title='bbox 1396 2485 1661 2528; x_wconf 80' lang='lat' dir='ltr'>acutissimis</span> <span class='ocrx_word' id='word_1_294' title='bbox 1700 2485 1844 2528; x_wconf 82' lang='lat' dir='ltr'>bifidis</span> <span class='ocrx_word' id='word_1_295' title='bbox 1891 2487 1953 2533; x_wconf 74' lang='lat' dir='ltr'>Qt.</span> 
     </span>
     <span class='ocr_line' id='line_1_36' title="bbox 247 2547 714 2591; baseline -0.002 -3"><span class='ocrx_word' id='word_1_296' title='bbox 247 2548 374 2591; x_wconf 82' lang='lat' dir='ltr'>Boott</span> <span class='ocrx_word' id='word_1_297' title='bbox 396 2548 480 2590; x_wconf 89' lang='lat' dir='ltr'>tab.</span> <span class='ocrx_word' id='word_1_298' title='bbox 507 2547 714 2589; x_wconf 60' lang='lat' dir='ltr'>coa-409.</span> 
     </span>
    </p>
   </div>
   <div class='ocr_carea' id='block_1_9' title="bbox 243 2626 1955 2968">
    <p class='ocr_par' dir='ltr' id='par_1_10' title="bbox 249 2626 1937 2724">
     <span class='ocr_line' id='line_1_37' title="bbox 295 2626 1937 2676; baseline -0.001 -10"><span class='ocrx_word' id='word_1_299' title='bbox 295 2632 395 2666; x_wconf 87' lang='lat' dir='ltr'>Hab.</span> <span class='ocrx_word' id='word_1_300' title='bbox 420 2632 457 2666; x_wconf 90' lang='lat' dir='ltr'>in</span> <span class='ocrx_word' id='word_1_301' title='bbox 479 2631 653 2666; x_wconf 74' lang='lat' dir='ltr'>Caucaso</span> <span class='ocrx_word' id='word_1_302' title='bbox 675 2630 779 2665; x_wconf 81' lang='lat' dir='ltr'>unde</span> <span class='ocrx_word' id='word_1_303' title='bbox 802 2630 997 2676; x_wconf 70' lang='lat' dir='ltr'>specimen</span> <span class='ocrx_word' id='word_1_304' title='bbox 1025 2640 1047 2665; x_wconf 78' lang='lat' dir='ltr'>a</span> <span class='ocrx_word' id='word_1_305' title='bbox 1067 2629 1114 2666; x_wconf 91' lang='lat' dir='ltr'>cl.</span> <span class='ocrx_word' id='word_1_306' title='bbox 1132 2629 1293 2665; x_wconf 76' lang='lat' dir='ltr'>Fischer</span> <span class='ocrx_word' id='word_1_307' title='bbox 1311 2627 1386 2663; x_wconf 86' lang='lat' dir='ltr'>sub</span> <span class='ocrx_word' id='word_1_308' title='bbox 1408 2626 1446 2663; x_wconf 90' lang='lat' dir='ltr'>C.</span> <span class='ocrx_word' id='word_1_309' title='bbox 1468 2637 1686 2664; x_wconf 79' lang='lat' dir='ltr'>nemorosae</span> <span class='ocrx_word' id='word_1_310' title='bbox 1707 2628 1867 2664; x_wconf 88' lang='lat' dir='ltr'>nomine</span> <span class='ocrx_word' id='word_1_311' title='bbox 1885 2628 1937 2664; x_wconf 92' lang='lat' dir='ltr'>cl.</span> 
     </span>
     <span class='ocr_line' id='line_1_38' title="bbox 249 2680 542 2724; baseline -0.003 -10"><span class='ocrx_word' id='word_1_312' title='bbox 249 2680 365 2714; x_wconf 81' lang='lat' dir='ltr'>Boott</span> <span class='ocrx_word' id='word_1_313' title='bbox 383 2680 542 2724; x_wconf 81' lang='lat' dir='ltr'>accepit.</span> 
     </span>
    </p>

    <p class='ocr_par' dir='ltr' id='par_1_11' title="bbox 243 2739 1955 2968">
     <span class='ocr_line' id='line_1_39' title="bbox 292 2739 1952 2791; baseline -0.002 -13"><span class='ocrx_word' id='word_1_314' title='bbox 292 2745 446 2791; x_wconf 70' lang='lat' dir='ltr'>Species</span> <span class='ocrx_word' id='word_1_315' title='bbox 467 2754 489 2778; x_wconf 86' lang='lat' dir='ltr'>a</span> <span class='ocrx_word' id='word_1_316' title='bbox 510 2743 552 2779; x_wconf 92' lang='lat' dir='ltr'>C.</span> <span class='ocrx_word' id='word_1_317' title='bbox 583 2743 647 2778; x_wconf 72' lang='lat' dir='ltr'>vul</span> <span class='ocrx_word' id='word_1_318' title='bbox 680 2740 746 2778; x_wconf 76' lang='lat' dir='ltr'>imi</span> <span class='ocrx_word' id='word_1_319' title='bbox 769 2742 871 2777; x_wconf 81' lang='lat' dir='ltr'>foliis</span> <span class='ocrx_word' id='word_1_320' title='bbox 891 2742 1081 2788; x_wconf 74' lang='lat' dir='ltr'>angustis,</span> <span class='ocrx_word' id='word_1_321' title='bbox 1105 2740 1285 2776; x_wconf 86' lang='lat' dir='ltr'>utriculis</span> <span class='ocrx_word' id='word_1_322' title='bbox 1305 2740 1383 2775; x_wconf 84' lang='lat' dir='ltr'>fere</span> <span class='ocrx_word' id='word_1_323' title='bbox 1403 2739 1570 2775; x_wconf 89' lang='lat' dir='ltr'>dimidio</span> <span class='ocrx_word' id='word_1_324' title='bbox 1591 2739 1808 2775; x_wconf 83' lang='lat' dir='ltr'>minoribus</span> <span class='ocrx_word' id='word_1_325' title='bbox 1838 2741 1876 2775; x_wconf 87' lang='lat' dir='ltr'>et</span> <span class='ocrx_word' id='word_1_326' title='bbox 1905 2739 1952 2775; x_wconf 87' lang='lat' dir='ltr'>in</span> 
     </span>
     <span class='ocr_line' id='line_1_40' title="bbox 244 2786 1949 2836; baseline -0.003 -9"><span class='ocrx_word' id='word_1_327' title='bbox 244 2797 412 2827; x_wconf 74' lang='lat' dir='ltr'>rostrum.</span> <span class='ocrx_word' id='word_1_328' title='bbox 435 2791 597 2826; x_wconf 76' lang='lat' dir='ltr'>brevius</span> <span class='ocrx_word' id='word_1_329' title='bbox 626 2802 644 2824; x_wconf 83' lang='lat' dir='ltr'>a</span> <span class='ocrx_word' id='word_1_330' title='bbox 664 2793 790 2836; x_wconf 77' lang='lat' dir='ltr'>&gt;rupte</span> <span class='ocrx_word' id='word_1_331' title='bbox 814 2801 882 2825; x_wconf 87' lang='lat' dir='ltr'>nec</span> <span class='ocrx_word' id='word_1_332' title='bbox 902 2790 1049 2824; x_wconf 80' lang='lat' dir='ltr'>sensim</span> <span class='ocrx_word' id='word_1_333' title='bbox 1076 2788 1288 2825; x_wconf 82' lang='lat' dir='ltr'>attenuatis</span> <span class='ocrx_word' id='word_1_334' title='bbox 1309 2788 1420 2833; x_wconf 83' lang='lat' dir='ltr'>prob.</span> <span class='ocrx_word' id='word_1_335' title='bbox 1447 2787 1645 2822; x_wconf 77' lang='lat' dir='ltr'>distincta.</span> <span class='ocrx_word' id='word_1_336' title='bbox 1668 2786 1794 2822; x_wconf 86' lang='lat' dir='ltr'>Locus</span> <span class='ocrx_word' id='word_1_337' title='bbox 1808 2787 1949 2823; x_wconf 86' lang='lat' dir='ltr'>Orien-</span> 
     </span>
     <span class='ocr_line' id='line_1_41' title="bbox 243 2834 1955 2883; baseline -0.002 -10"><span class='ocrx_word' id='word_1_338' title='bbox 243 2840 334 2874; x_wconf 63' lang='lat' dir='ltr'>tntis</span> <span class='ocrx_word' id='word_1_339' title='bbox 354 2839 403 2873; x_wconf 87' lang='lat' dir='ltr'>ab</span> <span class='ocrx_word' id='word_1_340' title='bbox 430 2841 517 2873; x_wconf 70' lang='lat' dir='ltr'>are-:t</span> <span class='ocrx_word' id='word_1_341' title='bbox 538 2838 799 2883; x_wconf 58' lang='lat' dir='ltr'>geographica</span> <span class='ocrx_word' id='word_1_342' title='bbox 828 2837 969 2883; x_wconf 79' lang='lat' dir='ltr'>speciei</span> <span class='ocrx_word' id='word_1_343' title='bbox 1000 2836 1117 2871; x_wconf 80' lang='lat' dir='ltr'>valde</span> <span class='ocrx_word' id='word_1_344' title='bbox 1148 2836 1312 2878; x_wconf 85' lang='lat' dir='ltr'>alienus,</span> <span class='ocrx_word' id='word_1_345' title='bbox 1342 2834 1408 2870; x_wconf 84' lang='lat' dir='ltr'>sed</span> <span class='ocrx_word' id='word_1_346' title='bbox 1437 2835 1637 2880; x_wconf 87' lang='lat' dir='ltr'>specimen</span> <span class='ocrx_word' id='word_1_347' title='bbox 1656 2844 1676 2870; x_wconf 93' lang='lat' dir='ltr'>e</span> <span class='ocrx_word' id='word_1_348' title='bbox 1702 2834 1877 2870; x_wconf 81' lang='lat' dir='ltr'>Caucaso</span> <span class='ocrx_word' id='word_1_349' title='bbox 1908 2836 1955 2870; x_wconf 82' lang='lat' dir='ltr'>in</span> 
     </span>
     <span class='ocr_line' id='line_1_42' title="bbox 244 2880 1950 2929; baseline -0.003 -8"><span class='ocrx_word' id='word_1_350' title='bbox 244 2887 360 2921; x_wconf 67' lang='lat' dir='ltr'>Boott</span> <span class='ocrx_word' id='word_1_351' title='bbox 389 2886 458 2921; x_wconf 75' lang='lat' dir='ltr'>loc.</span> <span class='ocrx_word' id='word_1_352' title='bbox 479 2887 538 2920; x_wconf 84' lang='lat' dir='ltr'>cit.</span> <span class='ocrx_word' id='word_1_353' title='bbox 562 2885 638 2920; x_wconf 78' lang='lat' dir='ltr'>tab.</span> <span class='ocrx_word' id='word_1_354' title='bbox 655 2885 735 2927; x_wconf 66' lang='lat'>405,</span> <span class='ocrx_word' id='word_1_355' title='bbox 756 2887 818 2929; x_wconf 75' lang='lat' dir='ltr'>lig.</span> <span class='ocrx_word' id='word_1_356' title='bbox 841 2887 873 2919; x_wconf 66' lang='lat'>2.</span> <span class='ocrx_word' id='word_1_357' title='bbox 901 2884 1140 2919; x_wconf 80' lang='lat' dir='ltr'>delineatum</span> <span class='ocrx_word' id='word_1_358' title='bbox 1169 2883 1413 2918; x_wconf 76' lang='lat' dir='ltr'>Americanis</span> <span class='ocrx_word' id='word_1_359' title='bbox 1439 2881 1627 2917; x_wconf 87' lang='lat' dir='ltr'>omnibus</span> <span class='ocrx_word' id='word_1_360' title='bbox 1659 2883 1762 2917; x_wconf 89' lang='lat' dir='ltr'>notis</span> <span class='ocrx_word' id='word_1_361' title='bbox 1790 2880 1950 2917; x_wconf 75' lang='lat' dir='ltr'>similti-</span> 
     </span>
     <span class='ocr_line' id='line_1_43' title="bbox 244 2938 440 2968; baseline -0.005 0"><span class='ocrx_word' id='word_1_362' title='bbox 244 2944 351 2968; x_wconf 82' lang='lat' dir='ltr'>nium</span> <span class='ocrx_word' id='word_1_363' title='bbox 372 2938 440 2968; x_wconf 74' lang='lat' dir='ltr'>est.</span> 
     </span>
    </p>
   </div>
   <div class='ocr_carea' id='block_1_10' title="bbox 286 2994 1584 3043">
    <p class='ocr_par' dir='ltr' id='par_1_12' title="bbox 286 2994 1584 3043">
     <span class='ocr_line' id='line_1_44' title="bbox 286 2994 1584 3043; baseline -0.005 -9"><span class='ocrx_word' id='word_1_364' title='bbox 286 3000 349 3034; x_wconf 81' lang='lat' dir='ltr'>Ar.</span> <span class='ocrx_word' id='word_1_365' title='bbox 372 2999 505 3043; x_wconf 79' lang='lat' dir='ltr'>Geoqr.</span> <span class='ocrx_word' id='word_1_366' title='bbox 527 2997 708 3032; x_wconf 77' lang='lat' dir='ltr'>America</span> <span class='ocrx_word' id='word_1_367' title='bbox 736 2997 879 3032; x_wconf 75' lang='lat' dir='ltr'>aretica</span> <span class='ocrx_word' id='word_1_368' title='bbox 900 2998 937 3031; x_wconf 85' lang='lat' dir='ltr'>et</span> <span class='ocrx_word' id='word_1_369' title='bbox 956 2996 1138 3042; x_wconf 68' lang='lat' dir='ltr'>borealis,</span> <span class='ocrx_word' id='word_1_370' title='bbox 1156 2995 1288 3031; x_wconf 78' lang='lat' dir='ltr'>Andes</span> <span class='ocrx_word' id='word_1_371' title='bbox 1308 2994 1584 3030; x_wconf 83' lang='lat' dir='ltr'>Granatenses.</span> 
     </span>
    </p>
   </div>
  </div>
 </body>
</html>
