2062 3314
236 273 309 311 ‘¹684
994 279 1220 305 GRAMmEAE
1731 269 1945 316 Leptums.

276 469 539 520 LEPTURUS
573 466 641 527 (R.
678 465 749 512 ΒΓ.
785 465 952 517 Prodr..
986 479 1026 527 p.
1055 463 1157 512 207.
1198 489 1260 500 ——
1285 463 1561 512 Rottbollia
1587 463 1642 510 L.
1674 479 1726 511 ex
1756 465 1925 526 parte).

311 615 496 669 Spiculae
537 612 744 656 solitariae
776 611 818 653 in
862 609 1051 654 rachidis
1091 609 1447 653 excavationibus
1483 609 1700 652 immersae
1745 610 1956 657 unissorae.

253 676 502 719 rudimento
535 670 868 727 pedicelliformi
916 669 1099 712 alterius
1136 669 1259 711 floris
1294 681 1409 722 saepe
1451 668 1611 717 addito,
1662 669 1725 711 vel
1776 669 1955 711 billorae.

250 735 422 777 Gluuiae
459 732 654 775 omnium
685 730 954 785 spicularum
991 729 1104 771 binae
1131 728 1336 769 coriaceae
1379 727 1663 782 plurinerviae
1701 728 1741 769 in
1777 728 1958 782 spiculis

252 793 507 836 lateralibus
542 791 694 833 anticae
725 788 1004 843 juxtapositae
1036 791 1131 841 post
1160 787 1359 830 anthesin
1399 799 1494 829 cum
1543 786 1717 829 racliide
1757 787 1960 830 flosculos

249 852 544 905 includentes,
569 851 610 892 in
642 849 809 902 spicula
836 847 1052 891 terminali
1077 846 1302 900 oppositae.
1330 846 1515 889 Flosculi
1537 846 1725 903 tenuiter
1751 847 1961 889 membra—

257 913 371 954 nacei
402 913 540 953 latere
558 909 734 961 oblique
761 906 978 949 racliidem
995 909 1257 959 spectantes,
1281 905 1483 959 glumvlla
1513 909 1555 947 et
1580 906 1698 958 palea
1713 905 1962 959 aequiloiigae

253 973 325 1014 illa
350 982 537 1012 concava
559 968 730 1015 mutica,
767 967 888 1021 palea
914 965 1165 1007 bicarinata.
1194 963 1444 1017 Squamulae
1473 964 1584 1007 binae
1607 964 1803 1018 oblongae
1830 964 1964 1008 acuti-

258 1032 418 1074 usculae
441 1030 634 1082 integrae.
663 1026 856 1069 Stamina
881 1025 977 1066 tria.
1004 1023 1211 1076 Stigmata
1234 1022 1332 1066 bina
1350 1023 1608 1066 subsessilia
1636 1024 1831 1077 plumosa
1860 1025 1963 1066 late-

255 1087 709 1140 raliteremergentia.
735 1083 970 1138 Caryopsis
1000 1083 1183 1136 oblonga
1209 1083 1388 1125 linearls
1416 1083 1622 1137 utrinque
1655 1094 1849 1125 convexa
1878 1083 1961 1126 hilo

254 1148 634 1199 *lineari-oblongo.
654 1169 708 1175 —
738 1143 896 1186 Herbae
917 1155 1092 1186 annuae.

324 1278 356 1318 1.
380 1275 434 1317 L.
459 1274 817 1316 incurvatus
841 1269 907 1324 (L.
934 1268 1007 1323 Sp.
1030 1269 1142 1311 1490
1161 1268 1244 1310 sub
1265 1267 1488 1322 AEyitope)
1505 1268 1855 1318 annuus‚culmis
1881 1268 1965 1311 fas·

257 1334 456 1378 ciculatis
479 1332 642 1385 saepius
663 1329 873 1372 brevibus
898 1327 1260 1372 decumbentibus
1284 1329 1350 1371 vel
1370 1328 1709 1370 ascendentibus
1741 1327 1828 1369 basi
1856 1339 1968 1381 saepe

262 1393 461 1439 ramosis,
489 1392 600 1433 foliis
627 1389 865 1432 linearibus
887 1388 1085 1441 augustis
1107 1388 1246 1442 planis
1265 1399 1473 1441 supremo
1498 1387 1586 1430 basi
1609 1388 1739 1440 spicae
1757 1387 1970 1439 contiguo,

261 1454 381 1507 spica
421 1451 559 1505 rigida
597 1447 971 1493 lineari-subulata
1000 1448 1188 1496 arcuata,
1208 1447 1390 1499 spiculis
1417 1446 1676 1489 internodiis
1706 1445 1970 1498 longioribus

260 1513 304 1555 iu
335 1512 513 1554 racbeos
542 1507 898 1552 excavationibus
932 1506 1158 1549 occultatis
1186 1505 1571 1560 uuissoris,gluniis
1601 1505 1808 1549 coriaceis
1830 1517 1974 1559 aequa-

261 1572 378 1614 libus
415 1567 840 1612 lineari-lanceolatis
884 1565 1141 1608 acuminatis
1174 1565 1439 1608 3-5-nerviis
1480 1565 1712 1608 flosculum
1749 1565 1875 1606 tertia
1905 1562 1971 1606 vel

256 1630 442 1673 dimidia
469 1632 590 1682 parte
626 1626 957 1680 superantibus.
988 1625 1197 1678 glumella
1231 1624 1468 1667 lanceolata
1497 1626 1754 1674 acuminata,
1781 1622 1973 1666 antlteris

265 1690 447 1732 minutis
472 1686 818 1738 ovato-oblongis
847 1690 912 1736 O.
941 1685 986 1726 L.
1016 1685 1281 1725 incurvatus
1311 1684 1432 1730 Trin.
1469 1683 1606 1726 Fund.
1637 1685 1728 1727 123.
1765 1707 1811 1713 —
1840 1682 1973 1725 Rchb.

264 1750 337 1803 (ig.
364 1750 462 1791 ⁰222.
493 1772 542 1777 -
576 1744 811 1788 Rottbollia
836 1744 1070 1785 incurvata
1105 1737 1151 1785 L'.
1176 1743 1234 1785 fit.
1264 1742 1404 1799 Suppl
1460 1744 1550 1785 114.
1577 1767 1635 1774 ·—-
1671 1742 1771 1786 Cav.
1809 1742 1863 1784 Ic.
1886 1740 1972 1784 tab.

271 1809 366 1853 113.
394 1832 449 1839 —
473 1807 582 1849 Host
610 1805 755 1847 Gram.
786 1803 816 1849 Ι.
842 1804 925 1846 tab.
959 1804 1027 1845 23.

318 1882 479 1918 Hab.in
512 1880 672 1926 pascuis
693 1881 730 1913 et
750 1879 927 1914 arenosis
959 1877 1166 1913 maritimis
1193 1878 1231 1911 et
1266 1877 1380 1912 salsis
1416 1877 1683 1922 interioribus,
1715 1875 1978 1923 Peloponnesi

269 1931 425 1975 (Boryl,
459 1928 608 1964 Eubeae
629 1926 755 1970 (Wild
774 1928 813 1971 l),
850 1925 1092 1961 Macedonioe
1121 1923 1284 1967 (Fi-ivl).
1313 1924 1494 1969 Byzantii
1525 1925 1667 1968 (Aucb.
1698 1924 1806 1970 20)21
1838 1923 1976 1967 Casti),

271 1979 398 2015 Cretae
419 1975 610 2021 (Heldrl),
632 1973 765 2009 Rhodi
788 1974 984 2018 (Bourg!)‚
1006 1972 1127 2018 Cypri
1146 1972 1239 2015 (Ky.
1257 1970 1380 2015 2481),
1400 1971 1550 2007 Ciliciae
1571 1972 1660 2016 (Per
1674 1974 1715 2017 l),
1730 1969 1978 2017 Pamphyliae

270 2025 486 2070 (Bourgl),
529 2021 674 2068 Egypti
722 2021 772 2056 ad
829 2020 1117 2056 Alexandriam
1155 2019 1270 2058 (Ehrt
1301 2019 1427 2064 Leti),
1464 2019 1762 2065 Mesopotamiae
1798 2018 1849 2053 ad
1888 2016 1980 2053 Orsa

271 2070 456 2117 [Haussk
473 2072 512 2115 l),
531 2068 850 2104 Transcaucasiae
869 2067 918 2103 ad
939 2068 1127 2114 Caspium
1149 2059 1298 2110 (Baker
1313 2066 1352 2112 l),
1384 2066 1529 2102 Persiae
1561 2066 1748 2101 australis
1776 2066 1827 2101 ad
1864 2063 1980 2101 Kotel

276 2119 400 2155 Mallu
425 2116 607 2162 [Haussk
624 2118 663 2160 l).

322 2184 384 2218 Ar.
427 2181 562 2226 Geoqr.
605 2180 821 2223 Britannia,
851 2178 1044 2223 Belgium,
1074 2177 1207 2213 Gallia.
1243 2175 1511 2218 occidentalis,
1546 2177 1658 2223 regio
1702 2176 1981 2212 Mediterranea

272 2230 442 2276 Europae
461 2232 498 2264 et
517 2229 661 2263 Africae
682 2226 867 2272 borealis,
888 2225 1064 2262 Madera.

336 2355 376 2395 2.
402 2354 457 2395 L.
486 2351 791 2395 iiliforrnis
819 2350 954 2405 (Roth
995 2349 1088 2392 Cat.
1122 2349 1154 2401 Ι,
1179 2347 1247 2399 21,
1282 2350 1365 2392 sub
1402 2347 1659 2403 Rottboclici)
1684 2361 1872 2402 annuus,
1894 2347 1983 2391 cul-

275 2414 359 2455 mis
383 2413 644 2455 l'asciculatis
672 2410 1012 2454 ascendentibus
1041 2409 1104 2451 vel
1132 2409 1306 2451 diffusis
1333 2408 1585 2461 gracillimis
1608 2420 1722 2462 saepe
1763 2407 1984 2461 elongatis,

274 2473 448 2515 inferne
492 2472 694 2520 ramosis,
741 2471 854 2512 foliis
904 2469 1141 2512 linearibus
1188 2469 1326 2522 planis
1370 2468 1544 2510 demum
1576 2467 1835 2514 convolutis,
1869 2466 1985 2521 spica

276 2533 480 2584 elongata
499 2531 647 2583 gracili
676 2531 791 2571 recta
814 2528 878 2570 vel
906 2531 1097 2580 arcuata,
1118 2527 1299 2581 spiculis
1323 2527 1569 2569 internodio
1584 2527 1925 2580 subaequilongis
1942 2525 1985 2567 in

277 2591 460 2634 racbeos
486 2589 842 2632 excavatiouibus
877 2589 1106 2630 occultatis
1132 2587 1346 2636 unffloris,
1372 2586 1531 2639 glumis
1563 2586 1770 2628 coriaceis
1813 2583 1986 2640 aequali-

278 2651 363 2693 bus
391 2648 818 2692 lineari-lanceolatis
845 2647 1105 2690 acuminatis
1138 2645 1404 2689 8-5-nerviis
1430 2645 1660 2688 flosculum
1695 2642 1986 2698 suba’quanti-

280 2710 379 2752 bus.
412 2709 617 2762 glumctla
662 2706 897 2749 lanceolata
931 2707 1193 2757 acuminata,
1227 2704 1422 2747 antlieris
1461 2704 1715 2757 majusculis
1751 2703 1986 2747 linearibus

287 2773 352 2819 O.
383 2769 427 2809 L.
448 2766 690 2821 filiformis
718 2766 840 2808 Trin.
866 2765 1003 2808 Fund.
1037 2766 1133 2807 123.
1156 2789 1209 2794 -
1238 2763 1373 2806 Rcbb.
1404 2762 1549 2806 Germ.
1576 2764 1644 2816 sig.
1670 2763 1769 2804 ΜΒ.

332 2842 432 2877 Hal).
455 2842 494 2876 id
516 2841 691 2876 arenosis
713 2839 892 2875 humidis
923 2839 1142 2885 praesertini
1166 2838 1375 2873 maritimis
1410 2838 1548 2872 Atticae
1580 2836 1775 2881 (Heldrl),
1811 2835 1988 2880 Corcyrae

281 2889 390 2934 (Ball
407 2891 443 2931 ll,
464 2888 588 2923 Cretae
607 2887 728 2932 (Raul
746 2889 782 2930 ll,
804 2887 924 2932 Cypri
945 2886 1024 2931 (Ky
1061 2886 1182 2930 2391),
1206 2885 1347 2931 Egypti
1368 2884 1417 2920 ad
1437 2885 1642 2920 Rosettam
1660 2884 1814 2928 (Elii-t),
1834 2889 1988 2929 quoque

283 2937 325 2971 in
345 2935 614 2980 interioribus,
634 2935 820 2970 Armenia
840 2933 888 2969 ad
912 2933 1057 2969 Baibut
1077 2934 1231 2977 (Bourg
1241 2934 1286 2977 l).

334 3000 395 3036 Ab
419 3001 524 3035 affini
546 2999 590 3035 L.
612 2999 817 3036 incurvato
836 2998 944 3045 spica
961 2998 1178 3044 graciliore,
1199 2997 1352 3033 flosculi
1370 2999 1407 3032 et
1425 2995 1649 3043 glumarum
1674 2995 1923 3041 proportione
1944 2993 1982 3028 et

285 3049 505 3094 praesertim
529 3047 704 3082 antberis
727 3046 949 3081 distinctus.
