2062 3314
237 250 311 287 ‘706
996 261 1206 288 commnffi:
1705 253 1937 301 Juniperus.

237 447 362 491 Smer.
392 447 422 489 Ι.
457 445 801 490 OXYCEDRUS
845 446 1007 501 (Spacb
1048 447 1161 489 Ann.
1186 446 1252 491 Sc.
1288 445 1382 489 Nat.
1409 447 1446 488 2.
1475 445 1569 490 Ser.
1605 447 1721 497 XVI,
1747 460 1786 501 p.
1817 449 1950 502 282),

538 506 689 548 Flores
717 506 858 549 dioici.
877 506 1048 549 Ramuli
1079 506 1299 560 triquetri.
1323 505 1440 548 Folia
1463 506 1664 548 ternatim
1683 507 1940 550 verticillata

537 564 629 608 basi
653 565 883 608 articulata
906 565 1041 607 libera
1071 565 1299 609 anicularia
1327 565 1575 619 pungentia.

299 690 340 734 1.
372 692 420 735 J.
457 692 760 747 drupacea
796 692 971 748 (Labill.
1016 692 1113 749 Syr.
1151 693 1254 735 De'c.
1289 694 1328 745 2,
1354 705 1398 746 p.
1442 694 1508 746 14,
1539 692 1623 736 tab.
1662 693 1707 748 8)
1753 693 1938 738 arborea

238 755 382 795 erecta
406 751 678 805 pyramidata
706 752 838 795 ramis
863 754 964 806 plus
989 753 1136 796 minus
1160 752 1334 803 erectis,
1376 752 1556 795 ramulis
1591 754 1937 806 erecto-patulis,

244 810 359 852 foliis
398 811 651 864 patentibus
686 811 839 864 rigidis
875 812 1126 855 lanceolatis
1165 811 1354 854 acorosis
1386 823 1519 864 supra
1565 810 1942 857 subc-analiculatis

242 868 403 912 subtus
441 870 661 920 carinatis,
686 870 871 913 amentis
905 871 1111 913 masculis
1137 871 1178 912 in
1207 870 1349 912 axillis
1377 870 1582 913 solitariis
1622 869 1936 915 subsessilibus

237 929 380 971 ovatis
403 929 575 980 erectis,
608 929 795 982 galbulis
826 929 1024 972 maximis
1049 930 1281 985 drupaceis
1305 929 1645 982 ovato-globosis
1668 930 1940 984 caesio-prui-

241 988 380 1040 nosis,
408 989 604 1042 squamis
634 989 706 1031 7-8
744 988 953 1031 trifariam
985 988 1226 1031 imbricatis
1264 989 1457 1042 margine
1489 988 1656 1031 elevato
1680 992 1804 1031 acuto
1843 1002 1940 1044 pro-

238 1046 524 1098 minentibus,
549 1047 790 1090 seminibus
814 1048 857 1089 in
885 1047 1063 1090 unicum
1089 1047 1377 1090 durissimum
1402 1047 1653 1090 triloculare
1677 1049 1873 1091 connatis
1898 1053 1936 1100 5.

238 1105 483 1148 Arceullzos
507 1105 727 1158 drupacea
749 1106 938 1149 Antoine
960 1111 1002 1149 et
1030 1107 1110 1161 Ky.
1135 1106 1244 1148 OEst.
1273 1104 1564 1151 Woch.1854.

288 1187 391 1223 Hah.
414 1188 455 1223 in
477 1189 637 1235 regione
658 1190 850 1224 montana
869 1191 907 1224 et
927 1188 1142 1235 subalpina
1163 1188 1307 1224 montis
1344 1188 1500 1224 Malevo
1518 1188 1703 1225 Laconiae
1723 1188 1938 1226 3500-4500'

238 1234 379 1281 (Orph.
401 1235 462 1270 Fl.
481 1235 546 1271 Gr.
567 1246 644 1271 exs.
668 1236 738 1271 392
752 1238 758 1271 l
774 1256 812 1261 —-
836 1235 974 1271 Heltlr.
996 1236 1118 1271 Herb.
1136 1236 1268 1271 Norm.
1289 1236 1404 1279 7581),
1424 1236 1553 1272 Tauro
1570 1237 1825 1272 Caramanico
1841 1237 1940 1272 inter

239 1281 441 1317 Karaman
461 1286 497 1318 et
513 1282 709 1318 Ermenek
728 1282 869 1326 (Heldr
884 1283 1067 1328 l),Tauro
1093 1283 1250 1318 Cilicico
1269 1283 1310 1318 in
1328 1282 1497 1329 Alpibus
1518 1283 1798 1329 Bulghardagli
1819 1283 1939 1320 2000·-

239 1328 345 1365 5ΟΟΟ’
369 1330 462 1375 (Ky.
483 1330 575 1365 408!
595 1329 679 1365 Bal.
699 1330 826 1375 8291),
855 1331 894 1365 in
914 1333 1046 1365 monte
1072 1329 1310 1376 Akkerdagh
1330 1330 1453 1365 Tauri
1477 1330 1677 1366 Cataonici
1704 1341 1823 1377 supra
1855 1331 1936 1367 Ma-

238 1376 355 1411 rasch
370 1376 606 1423 (Hausskl),
622 1377 737 1423 Syria
756 1377 797 1413 in
819 1380 953 1413 monte
974 1377 1114 1413 Cassio
1137 1377 1285 1421 (Labill
1302 1379 1338 1421 l),
1359 1377 1511 1413 Libano
1526 1378 1575 1413 ad
1604 1377 1748 1414 Cedros
1766 1377 1939 1422 (Boissl)

238 1423 288 1458 ad
309 1424 465 1459 Daunia
487 1424 663 1471 (Reygl),
686 1425 919 1460 Antilibano
943 1426 982 1460 in
1017 1425 1216 1460 Hermone
1246 1424 1350 1461 3800’
1380 1424 1473 1470 (Ky.
1491 1424 1614 1470 2330.
1638 1425 1773 1461 Turcis
1800 1425 1940 1473 Andys

237 1470 303 1506 vel
319 1469 484 1516 Hablzel,
503 1472 628 1517 Syriae
650 1472 789 1508 incolis
808 1472 987 1518 chffran
1007 1471 1129 1507 audit.

285 1543 414 1579 Arbor
434 1544 713 1591 12·15-pedalis
733 1544 927 1580 interdum
947 1543 1178 1590 30-pedalis,
1196 1544 1344 1579 fructus
1372 1543 1505 1580 dulces
1525 1544 1662 1581 edules
1680 1545 1822 1580 Ceraso
1843 1555 1931 1581 ma—

231 1591 336 1637 jores
352 1591 552 1627 interdum
569 1593 648 1629 fere
667 1592 849 1638 pollicem
865 1591 983 1637 long-i.
998 1592 1317 1628 commutatione
1332 1590 1532 1627 schedulae
1551 1594 1709 1628 erronee
1724 1602 1772 1629 ex
1791 1592 1937 1628 insulis

238 1638 365 1673 Cretae
388 1639 531 1675 vicinis
551 1639 734 1675 indicata.

299 1757 337 1800 2.
371 1757 417 1800 J.
444 1767 841 1813 macrocarpa
875 1756 1033 1810 (Sibth.
1068 1759 1109 1799 et
1142 1756 1230 1799 Sm.
1263 1757 1418 1799 Prodr.
1450 1757 1490 1810 2,
1523 1769 1565 1811 p.
1599 1756 1703 1811 963)
1734 1757 1937 1800 fruticosa

234 1817 301 1859 vel
329 1817 630 1868 arborescens,
663 1820 818 1859 trunco
842 1817 1050 1870 patentim
1076 1828 1263 1867 ramoso,
1291 1816 1471 1858 ramulis
1496 1816 1650 1859 obtuse
1678 1816 1925 1870 triquetris,

234 1875 350 1918 soliis
395 1877 577 1918 ternatis
622 1876 937 1929 approximatis
966 1875 1217 1929 patentibus
1265 1875 1695 1918 lineari-lanceolatis
1742 1875 1930 1917 acerosis

234 1946 369 1989 supra
398 1935 623 1978 bisulcatis
646 1935 804 1977 subtus
827 1935 1050 1984 carinatis,
1071 1935 1257 1977 amentis
1282 1935 1488 1977 masculis
1508 1933 1736 1978 sessilibus
1758 1935 1801 1975 in
1826 1933 1933 1976 axil-

235 1993 291 2036 lis
311 1994 618 2048 superioribus
643 1993 864 2047 solitariis,
888 1994 1075 2046 galbulis
1109 1994 1266 2036 erectis
1302 1994 1367 2036 vel
1408 1993 1613 2048 pendulis
1637 1993 1807 2046 magnis
1835 1993 1933 2036 folio

235 2052 592 2106 sublongioribus
626 2052 816 2106 globosis
856 2053 1028 2095 demum
1055 2052 1336 2107 subpulposis
1366 2052 1536 2095 rubello
1566 2052 1629 2094 vel
1656 2051 1935 2105 nigrescenti-

235 2111 451 2154 brunneis
478 2112 1095 2165 pruinoso-caerulescentibus
1119 2112 1263 2153 rarius
1291 2111 1504 2165 ellipticis,
1522 2111 1716 2165 squamis
1741 2112 1764 2152 3
1790 2111 1935 2153 rarius

235 2171 262 2212 6
292 2171 501 2212 trifariam
535 2170 774 2213 imbricatis
817 2171 1089 2223 marginibus
1123 2171 1243 2224 apice
1279 2171 1430 2213 liberis
1458 2170 1648 2213 areolam
1678 2171 1722 2212 in
1757 2170 1930 2223 galbulo

231 2229 505 2272 terminalem
528 2229 781 2284 depressam
806 2230 1106 2280 formantibus,
1132 2230 1374 2273 seminibus
1401 2229 1625 2271 subternis
1646 2235 1681 2277 5.
1707 2228 1762 2271 Ic.
1791 2228 1929 2271 Rclib.

236 2286 384 2330 Germ.
407 2289 477 2342 fig.
506 2286 629 2331 1146.
660 2313 714 2320 -
740 2288 781 2331 J.
807 2288 973 2331 Lobelii
998 2288 1125 2332 Guss.
1153 2288 1258 2342 Syn.
1284 2289 1334 2339 II,
1374 2302 1417 2344 p.
1449 2289 1532 2330 635
1563 2289 1719 2344 (forma
1743 2287 1931 2341 galbulis

233 2348 374 2391 ovatis
402 2349 469 2391 vel
494 2348 769 2404 turbinatis).

282 2429 385 2466 Hab.
410 2431 451 2465 in
478 2430 647 2467 collibus
677 2431 850 2477 regionis
883 2431 1081 2466 inferioris
1112 2433 1148 2466 et
1182 2431 1222 2466 in
1251 2431 1429 2466 arenosis
1470 2430 1693 2476 maritimis,
1722 2431 1850 2466 Attica
1883 2428 1931 2464 ad

233 2477 384 2512 radices
409 2478 588 2524 Hymetti
608 2481 646 2514 et
664 2479 853 2514 Pentelici
875 2479 1027 2524 (Sprun
1048 2481 1055 2513 l
1074 2477 1217 2513 Heldr!
1241 2477 1359 2524 Orph.
1385 2478 1440 2513 Fl.
1463 2487 1544 2513 exs.
1562 2478 1633 2513 393
1654 2479 1693 2523 l),
1724 2477 1774 2512 ad
1808 2486 1930 2523 proin.

227 2523 404 2560 Coliadis
424 2525 570 2569 (Heldr
585 2528 624 2571 l),
646 2526 748 2561 Melo
775 2527 841 2569 (ex
862 2526 996 2569 Part),
1025 2525 1168 2561 Rhodo
1197 2526 1236 2560 in
1262 2525 1437 2561 arenosis
1472 2525 1677 2571 (Bourgt),
1713 2525 1850 2560 Cilicia
1881 2523 1931 2558 ad

232 2570 355 2607 Tauri
376 2573 528 2609 radices
547 2573 686 2618 (Ball),
703 2572 817 2619 Syria
837 2572 1024 2609 littoralis
1042 2572 1233 2616 (Ebrenb.
1262 2572 1393 2608 Labill
1411 2573 1452 2617 l),
1477 2572 1591 2608 Creta
1617 2571 1779 2616 (Heldrl
1807 2571 1931 2607 forma

230 2618 407 2664 galbulis
428 2620 644 2666 majoribus
661 2621 667 2654 l
676 2626 698 2664 ).

277 2690 337 2726 Ex
356 2691 401 2727 cl.
418 2691 547 2738 Freyn
565 2693 681 2728 Flora
698 2692 784 2728 Istr.
815 2703 851 2739 p.
873 2691 942 2728 189
977 2692 1136 2728 facilius
1156 2702 1200 2727 ex
1225 2691 1361 2738 planta
1381 2692 1473 2728 viva
1492 2702 1612 2738 quam
1630 2701 1677 2727 ex
1710 2690 1932 2738 specimini-

231 2737 307 2773 bus
327 2739 533 2776 exsiccatis
555 2739 623 2776 aJ.
641 2739 848 2786 Oxycedro
867 2739 1156 2786 distinguenda,
1177 2739 1307 2775 differt
1326 2740 1446 2775 ramis
1463 2739 1738 2785 gracilioribus
1759 2738 1931 2774 curvatis

230 2786 589 2869 3323&ssssssOE
611 2788 758 2834 rigidis,
784 2787 889 2823 foliis
910 2787 1169 2832 longioribus,
1190 2786 1362 2832 galbulis
1384 2786 1506 2833 duplo
1540 2785 1760 2832 majoribus
1787 2785 1932 2832 sparsis

401 2862 423 2880 g
529 2863 535 2870 .

278 2906 341 2941 Ar.
368 2906 501 2953 Geoqr.
524 2908 734 2943 Lusitania
754 2911 792 2944 et
810 2907 1003 2954 Hispania
1023 2907 1228 2953 australes,
1250 2907 1364 2944 Italia
1385 2906 1636 2944 occidentalis
1664 2909 1702 2943 et
1730 2904 1929 2949 australis,

228 2951 423 3000 Sardinia,
441 2955 585 3001 Sicilia,
604 2956 730 3000 Istria,
751 2955 962 3003 Dalmatia,
984 2955 1115 2991 Africa
1137 2955 1320 2991 borealis.
