2062 3314
151 247 198 284 40
922 252 1096 279 ARACEAE:
1697 239 1851 276 Arum.

152 340 234 372 neo
261 327 455 370 masculo
479 326 649 381 a-s-plo
676 325 882 380 longiore,
906 325 1169 378 genitalibus
1193 324 1523 367 rudimentariis
1545 334 1680 376 supra
1707 324 1855 366 ova'ria

155 386 304 442 paucis
328 399 462 440 supra
489 386 674 428 stamina
700 385 946 429 numerosis
984 383 1448 427 subulam-attenuatis
1479 387 1538 429 26.
1566 381 1621 423 Ic.
1648 381 1712 424 Fl.
1742 382 1852 425 Dan.

154 446 241 488 tab.
269 446 369 488 505.
397 470 456 475 —
480 444 615 486 Rchb.
643 443 791 486 Germ.
817 443 902 486 tab.
927 445 965 485 8.
990 466 1048 472 --
1073 443 1112 484 Α
1142 440 1412 484 Hcldreiclziz‘
1437 440 1572 494 Orph.
1605 441 1711 483 Mss.

201 519 303 555 Hab.
325 519 366 553 in
392 517 595 553 umbrosis
622 516 800 562 regionis
825 518 1026 552 montanae
1056 516 1232 560 Graeciae,
1262 516 1481 551 Parnassus
1502 514 1631 560 (orph
1647 515 1688 560 l),
1708 514 1854 550 Parnes

153 567 292 603 Atticae
312 565 460 612 (Orpht
482 564 614 600 Heldr.
634 565 692 599 Fl.
714 564 779 600 Gr.
809 573 888 599 exs.
904 563 1028 609 3101),
1045 563 1197 598 Eubaea
1214 562 1336 607 (Beck
1359 572 1408 597 ex
1427 562 1596 607 Engler).

200 630 264 665 Ar.
285 630 420 673 Geoqr.
440 628 599 673 Europa
615 626 745 662 media
763 637 785 661 a
804 626 1011 661 Britannia
1024 629 1060 661 et
1075 626 1222 662 Gothia
1238 626 1288 661 ad
1306 625 1490 661 Rossiam
1507 624 1691 669 mediam,
1710 624 1856 670 Hispa-

152 677 261 712 niam
277 678 314 711 et
334 675 491 711 Italiam
512 675 717 720 australes,
739 673 994 719 Dalmatiam,
1019 673 1220 720 regionem
1238 673 1519 709 Danubialem.

212 782 280 824 10.
307 781 372 825 A.
390 779 669 823 Italicum
687 777 813 834 (Mill.
837 779 949 821 Dict.
976 778 1036 821 N⁰
1062 778 1108 834 2)
1128 780 1283 823 tubere
1306 780 1489 833 oblongo
1505 777 1854 831 crasso‚petiolis

152 841 311 883 lamina
338 840 471 892 duplo
497 838 786 891 longioribus,
804 838 919 880 foliis
943 839 1400 892 triangulari-hastatis
1423 839 1717 881 albo-venosis
1744 837 1856 879 lobis

152 899 278 942 valde
327 897 597 949 divaricatis,
637 897 884 949 pedunculo
924 898 1096 951 petiolis
1133 899 1350 950 breviore,
1384 899 1550 952 spatbae
1593 897 1702 939 albae
1750 895 1855 938 tubo

153 956 593 1011 oblongo-cylindrico
613 956 771 998 lamina
796 956 879 997 late
905 957 1088 1010 oblonga
1112 959 1264 1010 aperta
1304 958 1573 1010 planiuscula
1610 956 1859 998 acuminata

153 1018 400 1071 quadruplo
425 1015 647 1065 breviore,
674 1015 861 1068 spadicis
886 1015 1039 1068 spatha
1067 1016 1196 1070 triplo
1217 1016 1432 1058 brevioris
1460 1015 1699 1069 appendice
1742 1014 1856 1056 flava

153 1078 320 1119 clavata
358 1076 401 1117 in
436 1075 628 1128 stipitem
661 1076 781 1115 clava
823 1074 1070 1116 breviorem
1113 1078 1348 1124 attenuata,
1380 1075 1537 1117 florum
1569 1075 1856 1117 femineorum

153 1136 315 1178 annulo
355 1133 560 1176 masculis
586 1133 756 1186 3—4-plo
792 1133 1000 1186 longiore,
1024 1134 1286 1186 genitalibus
1315 1134 1525 1175 abortivis
1549 1146 1684 1186 supra
1706 1132 1855 1175 oraria

151 1195 303 1254 paucis
347 1206 481 1246 supra
508 1192 691 1235 stamina
731 1192 978 1234 numerosis
1006 1206 1028 1234 a
1061 1192 1154 1235 basi
1189 1193 1476 1235 verruculosa
1513 1194 1637 1245 longe
1675 1190 1859 1235 setaceis

160 1262 216 1303 25.
245 1254 299 1295 Ic.
327 1253 460 1294 Rchb.
487 1250 632 1293 Germ.
657 1250 742 1293 tab.
771 1251 823 1292 Il.
847 1251 981 1305 Regel
1009 1251 1220 1295 Gartenss.
1245 1256 1274 1294 t.
1302 1253 1402 1293 4⁹26.
1426 1276 1477 1282 —-
1498 1251 1859 1304 Aalbz‘spatlmm

153 1313 271 1355 Stev.
317 1313 447 1355 Taur.
477 1311 605 1353 Verz.
636 1323 678 1364 p.
709 1311 814 1352 318!
853 1310 907 1352 ad
941 1310 991 1352 A.
1020 1310 1241 1353 Orientale
1280 1324 1332 1353 ex
1371 1313 1424 1354 cl.
1466 1311 1627 1364 Engler
1669 1312 1857 1353 relatum

152 1372 226 1414 sed
262 1383 314 1413 ex
349 1370 662 1426 speciminibus
703 1370 900 1412 Tauricis
942 1370 1026 1412 huc
1050 1371 1217 1424 absque
1246 1370 1377 1413 dubio
1405 1371 1702 1413 referendum.
1727 1394 1781 1399 —
1804 1367 1856 1408 A.

150 1430 458 1482 Byzantium
497 1429 647 1472 Scliott
669 1429 725 1472 Ic.
753 1429 908 1472 Aroid.
937 1430 1025 1477 tab,
1054 1430 1188 1471 34-35
1213 1443 1265 1472 an
1293 1429 1430 1472 Clusi>
1460 1454 1510 1460 —
1537 1430 1587 1471 A.
1624 1429 1860 1471 concinna-

151 1493 244 1531 tum
274 1490 424 1533 Scliott
466 1489 517 1530 lc,
561 1489 640 1530 Ar.
687 1489 774 1531 tab.
808 1489 864 1530 39
886 1490 954 1530 40.
990 1514 1048 1519 -
1080 1488 1141 1530 A.
1180 1488 1477 1535 Numidicum,
1512 1489 1564 1531 A.
1601 1486 1786 1531 Nicloem'
1815 1488 1859 1527 et

150 1550 203 1591 A.
231 1551 551 1590 marmorutmn
582 1547 730 1591 Scliott
758 1548 911 1591 Prodr.
933 1573 987 1580 -
1016 1549 1067 1590 A.
1093 1548 1328 1591 Ponticum
1353 1548 1501 1592 Scliott
1538 1548 1695 1602 Bonpl.
1728 1546 1868 1598 1362,

199 1684 300 1719 Hah.
321 1684 362 1718 in
381 1682 591 1727 umbrosis,
609 1682 658 1718 ad
676 1692 862 1728 agrorum
880 1684 1094 1729 margines,
1122 1683 1348 1730 Zacynthus
1365 1683 1542 1729 (Margl),
1561 1683 1709 1719 Eubaea
1727 1684 1792 1727 (ex
1810 1682 1860 1718 cl-

151 1732 282 1777 Engl.)
297 1733 428 1766 Attica
445 1731 495 1765 ad
511 1734 687 1765 montem
708 1731 948 1766 Pentelicum
969 1732 1122 1776 (Sunt),
1138 1731 1188 1766 ad
1207 1731 1359 1767 Koruni
1376 1732 1517 1766 Atticae
1536 1731 1726 1776 (Heldrli,
1748 1729 1859 1766 Pelo-

152 1789 353 1825 ponnesus
385 1778 509 1822 (Bory
525 1780 568 1822 l),
596 1778 644 1812 ad
664 1778 831 1823 Taygeti
850 1779 999 1814 radices
1019 1778 1179 1824 (Engl.),
1215 1779 1329 1814 Creta
1349 1779 1398 1813 ad
1417 1778 1574 1813 Khania
1592 1778 1714 1823 (Raul
1728 1777 1858 1822 i)‚}3y-

151 1826 271 1861 zantii
288 1827 380 1871 (Ky.
401 1836 449 1860 ex
469 1825 617 1870 Hugh),
636 1825 784 1860 Pontus
802 1826 853 1860 ad
870 1825 1165 1872 Trapezuntum
1184 1826 1278 1872 (ΚΥ.
1295 1825 1433 1872 Suppl.
1449 1826 1548 1866 495),
1568 1826 1718 1861 Tauria
1739 1825 1855 1860 meri-

152 1873 323 1908 dionalis
344 1873 458 1917 (Stev
475 1875 515 1919 l),
536 1873 739 1907 Abchasia
757 1873 938 1916 (Nordm.
955 1884 1000 1908 ex
1020 1874 1197 1919 LedebJ,
1218 1875 1372 1920 Cyprus
1392 1874 1484 1919 (Ky.
1506 1873 1617 1918 7392)

198 1938 264 1973 Ar.
284 1939 418 1982 Geoqr.
448 1937 608 1982 Europa
634 1937 821 1971 australis
849 1948 871 1971 a
892 1937 1024 1972 Gallia
1045 1937 1277 1973 occidentali
1296 1940 1333 1972 et
1354 1937 1651 1982 mediterranea,
1668 1935 1856 1971 Helvetia

152 1987 190 2019 et
207 1985 357 2030 Tyrolo
381 1984 624 2020 australibus
645 1985 694 2019 ad
713 1984 969 2029 Dalmatiam,
988 1986 1121 2020 Africa
1138 1985 1326 2021 borealis.

215 2086 282 2127 11.
337 2085 401 2127 A.
449 2084 823 2139 melanopus‚
889 2085 1041 2128 tubere
1047 2117 1116 2136 .....
1160 2085 1333 2139 petiolis
1392 2084 1656 2138 longissimis
1701 2081 1858 2136 nigris,

150 2144 313 2187 lamina
369 2144 628 2197 triangulari
670 2145 1019 2187 hastato-triloba
1069 2145 1179 2188 lobis
1225 2144 1480 2187 lateralibus
1528 2142 1859 2185 liorizontaliter

152 2204 404 2247 divaricatis
451 2203 534 2246 late
572 2204 824 2246 lanceolatis
858 2204 1142 2247 acutiusculis
1195 2204 1415 2246 terminali
1456 2204 1625 2257 ⁰2-3-plo
1675 2200 1855 2243 minori-

150 2264 251 2315 bus,
287 2262 549 2315 pedunculis
598 2263 735 2316 nigris
784 2264 942 2316 petiole
990 2264 1125 2305 multo
1167 2263 1467 2314 brevioribus,
1504 2262 1667 2316 spathae
1699 2259 1855 2313 amplae

148 2323 335 2365 virentis
385 2323 582 2375 margine
621 2322 1021 2376 purpureo-tinctfe
1069 2323 1173 2365 tubo
1225 2326 1352 2365 ovato
1403 2322 1652 2364 ventricoso
1689 2319 1853 2361 lamina

150 2384 274 2434 longe
296 2382 542 2424 acuminata
575 2382 661 2424 late
699 2381 884 2434 oblonga
911 2382 1076 2435 4-5-plo
1100 2382 1318 2435 breviore,
1348 2382 1537 2435 spadicis
1575 2380 1728 2434 spatha
1755 2377 1855 2431 plus

150 2440 327 2484 dimidio
374 2441 591 2483 brevioris
635 2441 874 2495 appendice
927 2441 1189 2483 l'uscescenti
1239 2442 1284 2482 in
1326 2441 1491 2482 clavam
1532 2440 1625 2482 basi
1668 2439 1856 2490 abrupte

148 2502 416 2543 attenuatam
437 2504 478 2541 et
499 2500 649 2554 stipite
672 2512 752 2542 suo
778 2500 1104 2552 sublongiorem
1131 2499 1322 2553 abeunti,
1357 2499 1652 2553 carpellorum
1689 2495 1854 2540 annulo

148 2559 474 2602 inflorescentia
495 2560 684 2602 mascula
712 2558 929 2612 subduplo
956 2560 1164 2612 longiore,
1191 2559 1454 2612 genitalibus
1486 2558 1714 2600 sterilibus
1740 2556 1854 2597 inter

148 2619 336 2660 annulos
379 2618 531 2671 paucis
574 2619 731 2661 erectis
761 2630 896 2672 supra
930 2619 1134 2660 antheras
1167 2618 1354 2673 copiosis
1381 2618 1576 2668 deflexis,
1600 2615 1803 2660 omnibus
1828 2625 1853 2655 a

147 2677 241 2720 basi
269 2677 446 2720 dilatata
469 2677 682 2731 papillosa
716 2679 840 2731 longe
862 2678 1045 2720 setaceis
1076 2683 1132 2725 26.

194 2752 298 2788 Hab.
317 2753 359 2787 in
377 2752 492 2798 Syria
512 2763 634 2799 prope
654 2754 809 2799 Aleppo
832 2752 961 2796 (unde
980 2753 1129 2788 radices
1147 2753 1256 2788 misit
1275 2752 1321 2789 cl.
1349 2751 1633 2788 Haussknecht
1647 2753 1683 2797 t).

146 2816 156 2837 ⁹
195 2816 338 2852 Petioli
354 2816 684 2862 pedales,lamina
698 2815 948 2862 6-7-pollices
965 2817 1086 2862 longa
1104 2820 1140 2852 et
1157 2816 1250 2861 lata,
1271 2816 1415 2863 spatha
1433 2815 1701 2862 9-12-pollices
1720 2815 1864 2861 longa,

147 2863 381 2909 appendicis
397 2864 519 2909 stipes
537 2863 734 2909 pollicem,
751 2863 866 2898 clava
884 2864 1207 2909 sesquipollicein
1223 2864 1353 2909 longa.
1368 2863 1538 2899 Pulchra
1555 2863 1704 2909 species
1719 2862 1855 2897 affinis

147 2913 198 2946 A.
225 2910 366 2946 Italico
385 2922 406 2945 a
420 2921 500 2957 quo
523 2911 680 2947 differre
699 2911 856 2946 videtur
879 2911 1037 2957 petiolis
1058 2911 1186 2957 longis
1205 2911 1339 2957 nigris,
1357 2910 1510 2946 lamina
1527 2910 1750 2945 subtriloba
1768 2919 1849 2944 non

149 2957 421 3004 albo-venosa,
451 2958 594 3004 spatha
623 2959 766 2994 virenti
796 2958 1157 3005 purpureo-tincta,
1192 2958 1423 3005 appendicis
1456 2957 1571 2993 clava
1606 2956 1852 2992 luscescenti-

145 3007 359 3052 purpurea.
