2062 3314
260 227 329 264 174
994 217 1189 246 L1L1ACEAE
1767 201 1938 241 Lilium.

264 309 325 350 vis
357 299 625 359 glaber-rimis
657 297 772 338 intus
809 294 902 348 plus
935 293 1135 357 minusye
1165 283 1579 353 nigro-punctulatis
1615 283 1707 327 basi
1751 287 1798 355 et
1818 285 1943 339 apice

260 363 475 409 interdum
508 352 907 413 purpureo-tinctis,
933 350 1124 393 antheris
1151 359 1246 390 cum
1275 345 1434 399 polline
1463 343 1603 394 ssavis,
1627 343 1804 398 capsula
1833 344 1939 386 obo-

259 425 356 465 vata
393 421 545 463 obtuse
577 414 774 467 angulata
809 417 866 459 26.
892 410 944 452 Ic.
976 407 1094 450 Cent.
1119 407 1243 448 Ross.
1276 404 1361 447 tab.
1399 404 1437 444 4.
1464 425 1518 433 —
1556 398 1650 444 Bot.
1675 402 1780 456 Mag.
1812 403 1939 445 1405,

261 506 314 512 -
347 477 551 522 Gartcnss.
577 474 659 516 tab.
697 472 792 513 733.
817 492 868 500 -
900 468 1037 509 Elwcs
1069 465 1175 508 Mon.
1198 465 1255 507 Ic.

306 552 409 589 Hah.
432 551 471 585 in
489 548 647 585 Caucasi
665 544 833 580 borealis
854 540 1052 577 montibus
1074 537 1271 574 Beschtau
1289 537 1326 572 et
1351 533 1515 588 Kasbek
1544 533 1615 578 (M.
1647 533 1723 580 R),
1759 533 1934 581 Georgia

261 599 472 636 Caucasio-21
489 594 646 639 (Hohl),
661 592 802 628 Persiae
824 589 910 624 bor.
933 596 1038 634 prov.
1056 585 1202 621 Ghilan
1223 585 1261 619 in
1279 585 1409 618 monte
1428 580 1590 628 DJulfek
1610 581 1750 626 (Auch.
1767 580 1877 624 5405)

372 657 691 704 Szovt'tsianum
719 654 868 695 Bakcr.
899 676 951 681 —
984 651 1130 693 Pollcn
1167 647 1511 691 cinnabarinum.
1539 669 1596 677 —
1616 647 1667 689 L.
1698 645 1939 689 Szovitsia-

260 733 364 762 num
385 719 520 760 Fiscli.
553 715 655 757 Lall.
679 713 769 755 Iud.
799 712 955 764 Petrop
979 710 1046 758 VI,
1075 721 1113 762 p.
1148 709 1196 750 16
1219 705 1426 749 Gartenl'l.
1453 705 1537 748 tab.
1565 706 1668 748 436.
1695 729 1749 736 —
1773 706 1821 748 L.
1845 705 1944 748 Col-

258 778 433 820 cizicum·
448 776 564 818 Stev.
599 774 694 815 Mss.

306 851 406 887 Hah.
424 850 464 884 in
483 845 664 883 Colchide
691 844 852 887 (Szov.]‚
874 841 1048 877 Imeretia
1072 839 1298 876 24002480&
1317 836 1628 884 (Rup1·1),1>onti
1665 837 1797 874 Lazici
1825 837 1940 874 ditio-

259 898 378 933 nibus
396 895 515 931 Rhize
533 897 569 929 et
587 891 798 927 Hemschin
819 888 1052 933 (Tchihatch
1066 889 1102 933 l).

306 959 522 996 Filanienta
540 957 577 991 in
596 956 668 990 linc
687 953 813 1000 specie
836 952 882 987 cl.
907 951 1037 986 Elwes
1066 950 1301 986 observante
1333 948 1490 984 variant
1516 947 1581 1001 vel
1619 947 1781 984 omnino
1815 947 1941 984 libera

259 1007 320 1042 vel
341 1006 426 1041 basi
457 1005 517 1038 vel
547 1002 593 1037 ad
634 1002 786 1036 tertiam
820 1002 969 1045 partem
1002 1007 1126 1044 usque
1159 999 1336 1032 connata.
1369 994 1415 1032 L.
1441 995 1743 1032 Szovztzzanum
1778 995 1944 1031 videtur

261 1056 407 1089 lantum
441 1050 608 1086 varietas
638 1047 681 1083 L.
717 1044 975 1092 monachasim,
1003 1047 1104 1080 notae
1131 1043 1383 1089 diagnosticae
1426 1042 1607 1078 indicatae
1646 1052 1681 1077 v.
1718 1052 1773 1087 gr.
1802 1042 1937 1088 stylus

258 1102 383 1135 rectus
425 1098 487 1132 vel
535 1094 692 1131 taudem
731 1103 926 1137 recurvus,
961 1092 1123 1137 capsula
1154 1091 1244 1138 plns
1292 1091 1473 1125 minusve
1507 1088 1748 1136 acutangula
1774 1089 1941 1125 fallaces

257 1146 450 1182 videntur.

316 1243 356 1282 4.
380 1240 437 1283 L.
456 1237 803 1282 Albanicum
826 1235 1013 1291 (Griseb.
1039 1235 1181 1289 Spicil.
1202 1237 1241 1288 2,
1271 1247 1311 1289 p.
1344 1233 1447 1289 385)
1473 1233 1594 1278 caule
1617 1247 1640 1276 a
1662 1234 1792 1277 tertia
1817 1238 1938 1289 parte

258 1300 461 1342 inferiore
492 1298 640 1340 crebre
675 1295 829 1343 foliato,
853 1295 962 1337 foliis
999 1296 1158 1337 erectis
1186 1294 1391 1337 confertis
1429 1292 1712 1336 inferioribus
1734 1293 1940 1347 oblongo-

258 1357 502 1401 lanceolalis
537 1354 814 1398 acutiusculis
840 1353 1141 1407 superioribus
1164 1353 1411 1396 lanceolatis
1441 1353 1699 1396 acuminatis
1736 1352 1941 1396 omnibus

257 1415 549 1458 multinerviis
577 1414 721 1455 nervis
748 1416 911 1455 remote
944 1411 1366 1456 anastomosantibus
1391 1412 1586 1466 margine
1611 1412 1938 1466 papilloso-sca-

257 1475 348 1516 bris
389 1473 541 1515 subtus
574 1471 748 1524 glabris,
773 1471 879 1513 flore
914 1472 984 1526 <an
1014 1471 1235 1527 semper?)
1271 1471 1464 1519 solitario
1493 1474 1692 1523 nutante,
1726 1470 1944 1525 perigonii-

257 1532 480 1574 mediocris
519 1531 617 1572 ssavi
657 1530 810 1583 phyllis
838 1530 924 1584 jam
964 1541 1120 1573 versus
1163 1530 1351 1573 medium
1390 1529 1516 1573 valde
1559 1529 1944 1575 falcato-recurvis

256 1602 443 1644 superne
466 1592 585 1643 parte
612 1589 813 1630 inferiore
835 1590 1034 1631 elevatim
1055 1589 1615 1637 verrucosisimmaculatis.
1631 1589 1850 1645 capsula...
1877 1594 1936 1637 26.

301 1662 401 1698 Hab.
421 1663 461 1698 in
479 1662 673 1697 cacumine
695 1662 838 1697 montis
856 1661 1063 1698 Kobelitza
1091 1662 1227 1698 Scardi
1258 1664 1298 1699 in
1334 1662 1566 1699 Macedonia
1595 1662 1700 1699 7000’
1733 1662 1939 1708 (Grisehl)

256 1709 342 1745 Vidi
359 1709 400 1744 in
420 1709 526 1744 herb.
547 1709 720 1755 GottIng.

300 1773 426 1809 Affiue
443 1771 488 1808 L.
512 1772 729 1820 Pyrenaico
747 1773 886 1808 Gouan
917 1774 1021 1819 quod
1048 1773 1300 1820 distinguitur
1332 1773 1437 1810 foliis
1473 1774 1601 1810 multo
1637 1773 1936 1820 angustioribus

254 1823 291 1855 et
308 1819 359 1855 ob
379 1829 519 1855 nervos
544 1824 620 1856 tres
651 1820 736 1855 aliis
763 1821 886 1855 multo
920 1821 1126 1856 crassiores
1157 1821 1355 1856 trinerviis
1390 1831 1460 1856 nec
1491 1821 1784 1866 multinerviis;
1817 1822 1937 1857 ssores

252 1865 300 1902 L.
312 1866 491 1902 Albanici
504 1867 671 1902 minores
694 1866 875 1902 videntur
885 1867 952 1902 sed
964 1869 1180 1913 specimina
1198 1867 1303 1904 herb.
1323 1868 1539 1904 Grisebach
1554 1868 1673 1904 valde
1690 1878 1822 1904 macra
1838 1871 1933 1904 sunt

254 1913 436 1949 omnibus
456 1914 632 1960 partibus
652 1913 867 1950 diminutis.
888 1913 934 1950 L.
954 1913 1087 1950 lanka
1105 1915 1264 1952 Kerner.
1299 1928 1345 1948 =
1379 1914 1426 1951 L.
1458 1914 1731 1963 Pyrenaieum
1761 1915 1929 1961 Baumg.

252 1969 331 1995 non
351 1960 489 1995 Gouan
509 1975 550 1993 :
572 1959 616 1996 L.
637 1960 863 2007 92·aveolens
882 1961 1025 1997 Pancic
1046 1972 1094 1997 ex
1113 1961 1404 2008 Transylvania
1424 1964 1461 1999 et
1474 1963 1612 1999 Sei-bia
1624 1962 1808 1999 omnibus
1829 1964 1932 1998 notis

251 2005 287 2042 L
316 2006 504 2042 Albanico
521 2007 646 2042 simile
664 2008 714 2043 ab
741 2017 786 2043 eo
804 2011 955 2044 tantum
975 2009 1104 2045 differt
1133 2010 1263 2045 nervis
1287 2010 1441 2056 paginae
1469 2010 1664 2046 interioris
1690 2009 1840 2046 eisdem
1871 2019 1936 2057 pe-

252 2053 358 2098 pillis
377 2064 419 2089 ac
441 2055 634 2099 margines
663 2054 842 2090 foliorum
872 2055 1010 2091 obsitis
1051 2056 1118 2092 sed
1156 2067 1245 2093 cum
1279 2057 1353 2092 hoc
1393 2057 1669 2093 indumentum
1703 2057 1937 2103 copiositate

250 2099 363 2135 valde
379 2100 568 2136 variabile
587 2101 638 2136 sit
656 2101 738 2137 haec
756 2104 848 2137 nota
865 2112 942 2138 non
961 2106 1022 2139 sat
1040 2104 1171 2149 gravis
1187 2105 1340 2141 videtur
1359 2107 1397 2140 et
1417 2103 1463 2141 L.
1477 2104 1622 2142 dankae
1638 2115 1790 2141 meram
1810 2104 1938 2141 varie-

250 2149 368 2182 tatem
386 2145 432 2182 L.
448 2146 630 2184 Albam'ez'
652 2149 785 2184 sistere
806 2149 970 2186 videtar.

296 2209 358 2245 Ar.
392 2210 524 2255 Geoqr.
546 2210 838 2257 Herzegowina.

306 2318 343 2358 5.
376 2317 431 2360 L.
467 2317 774 2362 Ponticum
806 2318 865 2373 (C.
895 2321 1024 2363 Koch.
1052 2322 1175 2364 Linu.
1203 2322 1343 2373 XXH,
1383 2337 1426 2379 p.
1455 2323 1561 2376 234)
1594 2323 1716 2366 caule
1757 2323 1870 2366 elato
1912 2337 1935 2366 a

249 2375 376 2418 tertia
415 2381 534 2430 parte
573 2377 761 2420 inferiori
790 2379 940 2421 crebre
978 2380 1139 2431 foliato.
1170 2382 1281 2424 foliis
1319 2383 1475 2427 erectis
1507 2382 1936 2426 lanceolam-lineari-

247 2433 327 2476 bus
358 2435 609 2477 acuminatis
651 2436 937 2481 multinerviis
976 2440 1123 2482 nervis
1155 2453 1362 2484 venarum
1403 2454 1484 2496 ope
1507 2441 1939 2485 anastomosantibus-

248 2492 403 2557 subtus
430 2493 481 2535 ad
505 2506 633 2536 venas
661 2499 787 2549 atque
814 2498 1004 2550 margine
1029 2501 1125 2552 plus
1146 2501 1288 2542 minus
1313 2501 1532 2555 papillosis
1561 2512 1755 2555 superne
1779 2500 1932 2544 abbre-

222 2550 390 2601 matis,
417 2564 582 2595 racemo
620 2555 832 2598 terminali
871 2556 964 2599 laxo
1011 2557 1208 2601 1-7-ssoro
1251 2560 1505 2613 pedunculis
1550 2561 1724 2603 bractea
1768 2559 1936 2614 2-3·plo

247 2608 511 2674 longioribus
534 2611 650 2665 apice
679 2615 863 2667 cernuis,
890 2616 1097 2669 perigonii
1123 2617 1354 2661 mediocris
1375 2619 1662 2674 campanulati
1686 2619 1789 2661 ssavi
1817 2617 1932 2674 phyl-

247 2666 298 2733 lis
319 2681 403 2721 jam
433 2669 537 2711 iufra
566 2671 751 2713 medium
779 2675 901 2716 valde
931 2676 1273 2719 falcato-reflexis
1307 2690 1498 2732 superne
1540 2679 1727 2734 sparsim
1756 2678 1940 2732 papillo-

247 2736 325 2775 sis,
352 2727 541 2769 auilieris
580 2740 673 2771 cum
715 2731 871 2784 polline
906 2733 1083 2785 glabris,
1114 2738 1289 2789 capsula
1328 2737 1521 2792 stipitala
1558 2736 1935 2791 oblongo-subcla-

247 2785 342 2826 vata
360 2786 642 2839 obtusangula
673 2793 728 2834 24.

295 2857 390 2891 Hab.
412 2859 449 2893 in
470 2859 592 2895 Ponto
614 2861 748 2898 Lazico
768 2864 808 2899 in
826 2864 986 2901 district.
1005 2867 1126 2902 Rhini-
1146 2871 1180 2903 et
1206 2868 1421 2904 Hemschin
1441 2874 1478 2905 et
1497 2871 1536 2905 in
1564 2873 1697 2906 monte
1727 2870 1929 2906 Tebaran-

246 2905 329 2956 incl]
353 2905 408 2944 (C.
431 2905 538 2940 Koch
556 2908 650 2960 !‘),'in
671 2910 803 2945 eadem
824 2913 981 2960 restitum
1002 2924 1020 2948 a
1051 2915 1207 2955 regione
1228 2917 1421 2951 maritima
1441 2917 1490 2953 ad
1513 2918 1658 2953 ostium
1679 2919 1771 2953 lluv.
1801 2918 1855 2953 Of
1878 2917 1930 2953 ad

242 2960 439 2996 regionem
458 2953 704 3000 subalpinaui
724 2967 843 3004 prope
865 2942 999 3004 ijimil
1019 2964 1055 2995 ct
1074 2962 1310 2998 libabackar
1330 2964 1435 3000 5700’
1458 2964 1550 3009 (ssal
1567 2967 1607 3010 !).

2035 2609 2042 2744 li

2033 2746 2039 2831 1

2030 2839 2037 2936 l

2027 2948 2034 3039 l

2022 3109 2029 3223 ἷ
