2089 3246
120 213 291 251 Iuncus.
870 223 1088 252 mamona-2
1760 217 1831 253 359

124 293 340 338 fistulosis
386 292 563 335 nodosis
610 293 865 350 vaginisque
907 296 1121 351 profunde
1166 296 1332 339 striatis
1376 297 1586 352 (siccatis)
1635 299 1831 350 sulcatis,

121 353 308 397 anthelae
328 351 631 406 decompositae
651 354 785 397 ramis
809 355 1014 399 tenuibus
1031 356 1375 409 erecto-patulis,
1396 357 1648 408 glomerulis
1678 360 1824 411 parvis

121 411 361 462 4-6-ssoris,
384 411 595 465 perigonii
612 413 739 455 atrati
759 413 917 467 phyllis
934 415 1393 459 aristeto-acuminatis
1417 415 1699 459 interioribus
1728 418 1830 461 sub-

126 470 411 525 longioribus‚
447 470 621 523 capsula
662 471 980 525 trigono-ovata
1007 473 1338 528 abruptiuscule
1377 476 1420 516 et
1457 474 1582 527 longe
1605 476 1830 528 cuspidem

128 531 352 585 perigonio
388 529 585 583 *longiore
617 535 677 575 ¹36.
706 529 760 572 lc.
785 531 919 574 Rchb.
948 530 1092 576 Germ.
1120 532 1192 585 fig.
1221 533 1426 575 909-910.
1458 558 1501 563 «-
1535 533 1573 575 J.
1609 534 1834 576 melarion-

125 588 246 691 ssthosh
264 587 399 631 Rchb.
429 612 482 618 —-
517 587 557 630 J.
598 588 859 642 acutiflorus
895 589 1068 634 Griseb.
1099 590 1213 645 Spic.
1251 590 1419 633 Rumcl.
1456 591 1509 642 ΙΙ,
1547 606 1589 647 p.
1627 593 1709 636 407
1746 606 1831 637 non

197 661 218 690 r
252 678 262 688 .

174 720 278 757 Hah.
301 719 342 756 in
367 719 537 756 Thracia
555 719 705 756 boreali
724 722 830 758 inter
854 722 1026 759 Carlova
1043 726 1080 760 et
1099 723 1260 759 Kalofor
1277 723 1440 770 (Frivl),
1459 725 1498 759 in
1512 720 1829 761 Transcaucasia

123 767 333 813 (Hohenl)
360 771 397 803 et
414 767 524 813 prob.
545 767 642 804 alibi
661 778 751 804 cum
778 768 811 805 J.
830 770 1040 816 aoutz'fioro
1059 771 1256 807 confusus.

175 830 299 867 Valde
321 830 450 866 affinis
470 831 654 877 capitulis
673 832 808 879 parvis
829 836 867 869 et
885 833 1080 879 perigonii
1108 834 1258 881 phyllis
1287 834 1525 870 acuminatis
1559 834 1593 871 J.
1623 836 1831 881 acutifloro

118 877 384 924 distinguitur
423 878 576 924 vaginis
614 882 652 915 et
687 879 795 916 foliis
833 881 1029 927 profunde
1065 881 1216 917 striatis
1242 882 1283 917 in
1322 882 1422 917 sicco
1463 881 1636 929 sulcatis,
1675 883 1835 930 capsula

120 925 338 972 abruptius
364 925 586 971 cuspidata.

178 989 240 1025 Ar.
261 990 395 1036 Geogr.
416 989 639 1036 Germania,
654 988 769 1026 Italia
789 990 974 1036 borealis,
995 990 1136 1027 Rossia
1157 990 1288 1028 media
1310 994 1348 1027 et
1368 992 1562 1038 australis,
1584 993 1783 1039 Songaria.

190 1117 257 1160 19.
280 1116 328 1159 J.
359 1117 616 1161 striatus
646 1117 874 1166 (Schousb.
917 1119 960 1161 in
995 1118 1039 1161 E.
1076 1119 1188 1173 Mey.
1213 1119 1316 1173 Syn.
1344 1119 1469 1163 June.
1497 1133 1539 1174 p.
1575 1120 1651 1175 27)
1692 1121 1831 1163 rhizo—

125 1181 244 1220 mate
272 1176 560 1219 subterraneo
588 1176 843 1220 horizontali
867 1181 1061 1232 repente,
1085 1178 1280 1221 caulibus
1314 1180 1472 1222 erectis
1497 1180 1564 1222 vel
1593 1180 1830 1222 ascenden-

124 1235 246 1278 tibus
272 1235 428 1279 soliatis
452 1239 499 1279 ut
521 1239 563 1278 et
579 1237 678 1279 folia
694 1236 890 1279 fistulosa
914 1237 1077 1280 nodosa
1097 1238 1394 1280 teretiusculis
1418 1239 1634 1292 profunde
1657 1240 1833 1281 striato-

121 1294 307 1338 sulcatis
340 1296 423 1338 sub
449 1295 564 1338 lente
591 1295 784 1338 breviter
820 1295 1158 1351 piloso-scabris,
1185 1296 1370 1340 anthelae
1390 1297 1657 1352 corymbosae
1683 1298 1830 1340 brevis

127 1354 197 1397 vel
233 1354 535 1408 decompositae
576 1355 707 1398 ramis
749 1354 1091 1408 divergentibus,
1122 1356 1376 1410 glomer-ulis
1401 1357 1653 1411 majusculis
1683 1358 1833 1399 10-20-

125 1413 268 1467 floris,
314 1413 526 1467 perigenii
568 1414 822 1468 nigricantis
870 1414 1028 1468 phyllis
1078 1415 1325 1458 lanceolalis
1376 1416 1832 1458 acuminato-aristatis

122 1473 295 1515 striatis
329 1472 669 1527 subaequalibus‚
691 1473 869 1528 capsula
905 1474 1291 1517 ovato-lanceolata
1322 1477 1446 1517 acute
1470 1475 1636 1528 trigona
1664 1475 1706 1516 in
1736 1487 1832 1517 ros·

122 1533 244 1574 trum
287 1531 558 1586 perigonium
596 1544 775 1588 aequans
813 1533 880 1575 vel
919 1533 990 1576 vix
1012 1545 1228 1586 superans
1264 1534 1427 1576 sensim
1451 1536 1674 1576 attenuata
1701 1535 1761 1579 Qt.
1791 1533 1829 1576 J.

126 1589 384 1633 Fontanesz'z'
408 1591 523 1645 Bory
549 1596 593 1635 et
616 1590 776 1635 Chaub.
801 1592 905 1645 Exp.
934 1591 1039 1635 Mor.
1065 1591 1120 1633 N⁰
1146 1593 1230 1635 587
1255 1598 1342 1635 non
1363 1592 1401 1634 J.
1427 1591 1532 1646 Gay.

176 1665 282 1702 Hah.
306 1665 357 1701 ad
375 1665 637 1712 scaturigines
659 1668 695 1702 et
713 1666 753 1701 in
773 1666 980 1712 paludosis
1000 1665 1274 1714 Peloponnesi,
1288 1666 1487 1702 Messenia
1503 1667 1655 1713 (Bory)‚
1677 1667 1832 1712 Argolis

123 1712 168 1749 in
188 1712 334 1761 palude
355 1712 492 1748 Lernae
503 1713 754 1760 (Despreaux
767 1715 806 1758 l).

174 1779 210 1812 A
243 1775 276 1813 J.
299 1779 434 1812 atrato
448 1776 554 1812 toliis
574 1776 690 1812 valde
709 1775 1027 1812 striato-sulcatis
1052 1787 1211 1823 quoque
1241 1776 1389 1812 donato
1417 1779 1454 1812 et
1492 1787 1514 1812 a
1556 1775 1589 1812 J.
1624 1777 1831 1822 acutzfloro

128 1823 279 1878 phyllis
296 1823 715 1860 acuminato-aristatis
744 1834 900 1871 quoque
928 1824 1128 1860 instructis
1157 1824 1270 1860 facile
1288 1824 1590 1870 distinguendus
1604 1824 1779 1859 caulium
1796 1826 1833 1858 ot

123 1869 314 1907 foliorum
344 1871 541 1917 scabritie,
570 1872 788 1918 praesertim
824 1882 869 1907 ca
899 1871 1009 1907 itulis
1044 1871 1270 1907 multifloris
1297 1870 1422 1906 multo
1454 1871 1670 1918 majoribus
1698 1872 1830 1917 pisum

124 1918 381 1965 aequantibus
398 1918 463 1954 vel
484 1918 776 1964 superantibus.
801 1918 834 1955 J.
896 1918 1094 1955 ontanesiz'
1110 1918 1142 1953 J.
1164 1918 1253 1964 Gay
1273 1919 1314 1953 in
1337 1918 1467 1954 Lahar
1498 1928 1516 1953 e
1539 1919 1649 1954 June.
1682 1929 1717 1965 p.
1740 1918 1785 1953 42
1812 1927 1831 1952 e

121 1965 258 2002 Gallia
276 1965 451 2010 australi,
472 1965 666 2012 Hispania
679 1968 717 2002 et
738 1965 870 2001 Africa
888 1965 1041 2002 boreali
1060 1968 1097 2001 et
1117 1974 1165 2001 ex
1184 1965 1229 2001 cl.
1250 1965 1401 2001 Cosson
1415 1968 1451 2000 et
1511 1967 1620 2001 urieu
1642 1964 1676 2001 J.
1697 1965 1830 2001 striati

118 2022 380 2059 synonymon
401 2012 448 2049 cl.
468 2013 599 2049 Duval
620 2013 749 2050 Jouve
772 2013 970 2050 indicante
989 2013 1142 2059 species
1169 2013 1327 2049 diversa
1358 2015 1415 2050 est
1448 2012 1574 2048 radice
1602 2012 1828 2049 stolonibus

119 2070 246 2107 supra
267 2060 396 2096 solum
423 2061 610 2107 expansis
627 2060 820 2107 prolifera,
841 2060 1023 2097 caulibus
1047 2063 1085 2096 et
1099 2060 1207 2096 foliis
1224 2061 1290 2095 vix
1313 2059 1474 2095 striatis.

172 2125 236 2162 Ar.
259 2126 393 2171 Gooqr.
414 2125 635 2172 Lusitania,
654 2125 851 2173 Hispania
870 2124 1055 2162 centralis
1075 2127 1114 2160 et
1132 2124 1329 2170 australis,
1346 2123 1478 2161 Gallia
1498 2122 1695 2170 australis,
1717 2123 1832 2159 Italia

123 2172 326 2219 australis,
348 2172 492 2210 Sicilia.

188 2297 260 2340 ΞΟ.
285 2298 333 2340 J.
360 2298 782 2354 pyramidatus
809 2299 909 2343 th.
938 2299 1067 2343 Junc.
1099 2311 1138 2354 p.
1165 2299 1243 2354 40)
1274 2299 1417 2342 radice
1441 2299 1656 2352 cespitosa
1677 2310 1834 2342 surcu-

125 2356 193 2399 los
226 2368 360 2412 supra
398 2362 559 2402 terram
596 2363 798 2412 repentes
838 2359 1010 2410 edente,
1033 2358 1232 2402 caulibus
1254 2358 1413 2401 erectis
1441 2357 1597 2411 solialis
1632 2356 1832 2412 foliisque

130 2415 482 2471 subcompressis
517 2417 730 2460 fistulosis
775 2419 949 2462 nodosis
987 2418 1141 2461 crebre
1171 2417 1355 2467 striatis,
1378 2416 1548 2459 anthela
1576 2416 1831 2469 corymboszi

121 2474 313 2530 simplici
353 2476 418 2519 vel
462 2477 787 2531 subcomposita
831 2478 964 2521 ramis
1008 2477 1218 2520 brevibus
1261 2475 1526 2530 patentibus,
1577 2475 1832 2528 glomerulis

125 2533 381 2587 majusculis
403 2536 668 2584 6-10-ssoris,
695 2537 904 2590 perigonii
932 2536 1119 2579 brunnei
1155 2536 1314 2590 phyllis
1352 2536 1434 2578 late
1463 2534 1711 2577 lanceolatis
1735 2546 1833 2576 acu-

127 2591 503 2638 minato-aristatis
529 2595 900 2650 albo-marginatis
924 2594 1090 2639 striatis
1113 2595 1315 2638 elevalim
1342 2593 1584 2637 uninerviis
1603 2593 1833 2646 subaequa-

124 2650 256 2705 libus,
279 2656 457 2708 capsula
482 2667 506 2696 a
528 2654 620 2697 basi
650 2655 734 2697 lata
758 2655 1028 2709 pyraniidata
1052 2658 1178 2698 acute
1201 2654 1415 2709 triquetra
1436 2653 1480 2695 in
1508 2655 1699 2695 rostrum
1731 2663 1828 2694 acu-

125 2713 220 2812 fflpi
242 2715 403 2814 εεέιείὓῆ
422 2716 643 2757 attenuata
667 2714 940 2768 perigonium
968 2716 1094 2757 tertia
1120 2718 1241 2768 parte
1260 2715 1497 2766 superante
1527 2717 1561 2758 2⁶
1578 2745 1585 2753 .
1604 2710 1834 2763 [elegans

196 2783 274 2815 ren
317 2802 327 2813 .
401 2785 459 2816 ss.

177 2846 277 2883 Hab.
303 2847 346 2882 in
371 2846 575 2894 paludosis
595 2848 645 2884 ad
672 2847 816 2894 fontes,
843 2848 875 2884 Ε
936 2849 1026 2895 ptus
1051 2848 1093 2884 in
1131 2847 1274 2883 di.ione
1302 2847 1456 2894 Fayum
1492 2845 1758 2891 (Sclnwinfl),
1795 2846 1832 2880 in

126 2892 223 2930 Oasi
246 2897 369 2940 parva
386 2895 561 2940 (Aseni),
578 2894 694 2941 Syria
721 2905 843 2977 prpfe
908 2896 1053 2942 ripolin
1086 2897 1124 2931 et
1158 2894 1350 2930 Sidonem
1390 2894 1506 2939 (ΒΗ),
1547 2895 1585 2929 in
1619 2893 1833 2938 ‹larlesyriat

127 2939 370 2987 (Ehrenbl),
391 2945 431 2977 in
452 2940 605 2978 deserto
640 2943 740 2978 inter
808 2952 897 2978 ania
931 2946 968 2978 et
994 2943 1221 2988 Palmyram
1252 2941 1371 2987 (Eli),
1405 2942 1571 2987 Assyria
1601 2939 1834 2984 (Hausskm,

127 2997 247 3034 regno
271 2989 459 3026 Cabulico
481 2989 531 3025 ad
551 2989 785 3026 Moucklour
803 2988 970 3035 (Griff.).
