2062 3314
245 175 316 213 480
983 181 1209 209 GRAMINEAE
1752 170 1918 209 Phleum
1926 198 1936 208 .

852 358 1059 409 rutum
1091 358 1149 421 (L.
1184 358 1233 407 c..
1273 358 1363 420 77).

308 502 492 558 Spicula}
514 500 879 555 hermaphroditae
900 499 1101 543 unissorae
1116 511 1233 554 saepe
1255 498 1309 541 ad
1331 499 1454 542 basin
1469 500 1685 553 glumellae
1701 498 1943 553 superioris

249 562 497 605 rudimento
524 560 851 614 pedicelliformi
875 560 1043 612 stipatae
1067 559 1110 600 in
1134 558 1378 612 paniculam
1403 559 1695 613 spiciformem
1726 559 1795 600 vel
1830 558 1945 612 capi-

248 624 378 664 tatam
398 622 625 672 congestae.
651 617 820 661 Glumae
846 619 958 661 binae
985 619 1099 660 inter
1117 630 1163 661 se
1187 617 1335 660 liberae
1362 617 1638 672 subaequales
1671 616 1945 660 naviculares

250 679 452 722 carinatae
479 678 732 720 acuminatae
758 678 823 720 vel
852 677 894 719 in
922 677 1099 719 aristam
1124 677 1360 730 productae.
1379 676 1595 719 Gluniella
1617 679 1658 719 et
1675 676 1798 731 palea
1815 686 1946 717 mem-

248 738 473 781 branaceae
496 736 626 779 dorso
650 748 735 779 non
760 737 948 778 aristatae
986 736 1057 777 illa
1083 738 1282 778 truncata
1310 734 1400 777 haec
1423 735 1672 778 bicarinata.
1697 734 1945 788 Squamulae

249 797 364 839 binae
399 796 544 839 rarius
569 795 713 838 nullae.
739 794 930 837 Stamina
955 795 1050 836 tria.
1075 792 1185 848 styli
1208 793 1312 843 bini,
1337 794 1535 847 stigmata
1561 795 1681 848 longa
1716 794 1853 848 pilosa
1894 806 1948 836 ex

250 855 371 910 apice
397 855 575 908 spiculae
602 853 865 908 emergentia
889 852 1122 906 Caryopsis
1141 852 1323 896 obovata
1349 854 1415 895 vel
1435 854 1614 906 oblonga
1640 866 1662 894 a
1690 852 1821 895 latere
1845 853 1947 895 sub-

252 926 502 968 compressa
548 913 715 955 macula
762 913 889 954 hilari
932 912 1224 966 punctiformi‚
1259 912 1374 953 inter
1417 912 1646 966 glumellas
1694 912 1846 954 libera.
1892 936 1946 941 —

253 973 409 1015 Herbae
429 984 586 1015 annure
612 972 679 1014 vel
698 983 915 1025 perennes
939 971 1045 1012 facie
1075 971 1318 1024 Alopccuri.
1355 971 1565 1015 Absentia
1608 972 1676 1013 vel
1717 970 1947 1025 praesentia

255 1031 491 1074 rudimenti
518 1031 806 1085 slipitisormis
827 1029 1149 1085 (rudimentum
1163 1029 1343 1083 flosculi
1363 1030 1611 1082 superioris
1637 1029 1782 1081 Auct.,
1806 1028 1948 1071 arista

254 1089 580 1132 rudimentaria
599 1089 815 1142 ylzcmelloe
837 1088 1082 1142 superioris
1107 1087 1303 1145 Griseb.)
1327 1090 1486 1145 saepius
1523 1101 1640 1143 aegre
1669 1087 1945 1142 dignoscendi

255 1149 306 1191 ad
331 1150 545 1192 sectiones
583 1146 911 1198 constituendas
940 1160 1023 1190 non
1048 1149 1174 1192 valet.

1009 1276 1019 1287 '
1045 1275 1201 1311 Annua.

315 1380 358 1422 1.
385 1380 482 1423 Ph.
507 1384 685 1424 tenue
712 1380 906 1433 (Sclirad.
938 1378 1083 1423 Germ.
1111 1380 1141 1431 Ι,
1179 1393 1218 1434 p.
1253 1381 1364 1435 ι191)
1400 1393 1594 1424 annuum
1623 1382 1785 1433 saepius
1813 1382 1950 1436 pluri-

256 1441 410 1489 culme,
436 1439 592 1482 culm1s
616 1440 773 1482 erectis
802 1439 1138 1482 ascendentibus
1180 1440 1332 1493 rigidis
1369 1440 1593 1488 tenuibus,
1630 1441 1742 1483 soliis
1769 1445 1951 1494 anguste

256 1499 496 1542 linearibus
523 1498 715 1551 margine
738 1499 924 1551 asperis,
949 1498 1146 1552 panicula
1171 1499 1407 1552 spiciformi
1449 1500 1572 1552 longe
1595 1499 1830 1553 cylindrica
1856 1512 1952 1552 gra-

258 1558 324 1601 cili
378 1558 639 1600 densissima
678 1557 1024 1610 glauco-virenti,
1064 1557 1242 1611 spiculis
1280 1558 1696 1612 plano-compressis
1738 1559 1951 1613 ellipticis,

257 1617 417 1670 glumis
441 1617 645 1659 coriaceis
670 1616 831 1669 glabris
855 1616 1104 1660 semiovatis
1139 1616 1268 1659 dorso
1301 1617 1545 1659 introrsum
1578 1618 1771 1660 curvatis
1810 1619 1951 1660 acutis

258 1676 572 1718 mucronulatis
597 1675 740 1717 valide
765 1679 807 1717 et
836 1678 1000 1717 remote
1026 1676 1250 1719 trinerviis
1281 1676 1632 1727 conniventibus,
1668 1676 1872 1730 glumella
1909 1681 1952 1719 et

261 1735 380 1788 palea
415 1734 755 1776 membranaceis
795 1735 942 1788 giuma
981 1734 1157 1777 dimidio
1190 1735 1467 1777 brevioribus
1501 1735 1845 1789 suboequilongis
1880 1736 1951 1779 illa

259 1793 582 1846 quinquenervi
605 1797 730 1836 ovata
749 1795 947 1836 truncata
969 1793 1377 1848 deiiticulata,palea
1389 1796 1570 1847 angusta
1583 1795 1753 1838 binervi
1777 1799 1823 1845 Θ
1845 1795 1953 1838 Host

258 1854 407 1895 Austr.
432 1852 514 1895 tab.
539 1853 606 1894 36,
633 1876 686 1881 -—
715 1852 794 1894 Ph.
816 1851 1015 1894 Bellardc·
1042 1851 1187 1894 Willd.
1210 1853 1366 1895 Enum.
1391 1853 1491 1895 Ber.
1525 1854 1558 1906 Ι,
1582 1866 1624 1908 p.
1655 1856 1724 1896 85.
1755 1879 1809 1884 —
1837 1853 1953 1896 Pha-

259 1910 369 1952 laris
403 1910 582 1953 balbosa
618 1911 663 1952 L.
701 1911 867 1953 Amaen.
890 1913 933 1959 4,
963 1924 1001 1964 p.
1030 1913 1128 1955 264.
1163 1936 1216 1941 —
1261 1910 1468 1954 Phalaris
1502 1911 1710 1954 subulam
1745 1912 1862 1956 Savi.
1901 1937 1949 1944 —

260 1968 467 2011 Phalaris
495 1969 742 2023 cylindrica
766 1971 816 2012 D.
845 1970 887 2012 C.
917 1972 980 2013 Fl.
1012 1970 1080 2012 Fr.
1105 1970 1184 2021 III,
1212 1984 1253 2024 p.
1287 1972 1356 2014 11.

307 2044 410 2080 Hal).
441 2047 480 2080 in
510 2044 688 2080 herbidis
719 2046 831 2080 siccis
860 2046 1032 2091 regionis
1057 2045 1242 2081 littoralis
1271 2048 1309 2081 et
1336 2050 1534 2082 montanae
1562 2057 1584 2081 a
1613 2047 1764 2083 Graecia
1796 2050 1833 2083 et
1870 2048 1954 2094 ejus

260 2092 415 2137 insulis,
433 2092 663 2127 Macedonia
683 2094 721 2127 et
738 2092 907 2128 Thracia
924 2092 1086 2136 (Griseb
1098 2094 1126 2137 l)
1144 2092 1195 2127 ad
1208 2093 1435 2129 Anatoliam
1451 2094 1733 2130 occidentalem
1749 2097 1786 2130 et
1801 2096 1953 2130 austra-

260 2138 368 2182 leml‚
389 2139 545 2184 Syriam
567 2139 779 2174 littoralem
801 2142 837 2175 et
855 2140 1094 2176 Palestinam
1115 2139 1271 2183 (Boissl
1291 2141 1357 2176 Bl!
1380 2140 1534 2186 Gaillt),
1562 2141 1749 2177 Tauriani
1777 2144 1815 2178 et
1845 2151 1953 2188 prov.

261 2186 492 2222 Caucasicas
513 2185 563 2222 ad
580 2186 768 2232 Caspium
787 2187 846 2231 (C.
870 2188 916 2222 A.
938 2186 1060 2232 Mey).

320 2251 350 2305 β
387 2251 596 2293 cillanem.
626 2276 677 2282 —
712 2250 880 2294 Glumae
905 2252 958 2295 ad
992 2254 1181 2296 carinam
1206 2254 1373 2298 ciliatae.
1411 2255 1478 2297 Ab
1512 2255 1630 2298 affini
1661 2254 1739 2297 Ph.
1770 2257 1955 2297 exarato

261 2311 419 2364 glumis
447 2323 638 2365 superne
664 2312 1015 2355 introrsumnec
1037 2316 1284 2356 extrorsum
1310 2314 1501 2356 curvatis
1528 2314 1882 2368 dignoscendum.

309 2386 411 2422 Hah.
432 2387 472 2421 in
492 2386 626 2422 insula
644 2387 745 2433 Syra
766 2386 965 2433 (Weisst),
984 2387 1126 2424 Rhodo
1144 2388 1341 2435 (Bourgl).

311 2452 372 2487 Ar.
394 2452 531 2497 Geoqr.
551 2452 675 2497 Regio
698 2452 984 2489 mediterranea
1001 2453 1171 2500 Europae
1190 2463 1215 2490 a
1235 2453 1367 2490 Gallia
1387 2453 1553 2490 australi
1570 2454 1619 2490 ad
1640 2454 1894 2491 Dalmatiam.

322 2561 362 2602 Ξ.
385 2558 486 2602 Ph.
525 2562 840 2603 exaratum
883 2559 1078 2615 (Hocbst.
1111 2562 1156 2603 in
1202 2562 1281 2615 Ky.
1322 2562 1447 2616 Alep.
1485 2561 1958 2612 Kurd.Sched.1843)

263 2630 457 2662 annuum
485 2619 648 2673 saepius
671 2619 934 2672 pluriculme
954 2620 1110 2662 culmis
1138 2621 1294 2663 erectis
1317 2624 1359 2664 ct
1383 2621 1720 2664 ascendentibus
1743 2621 1956 2675 rigidulis,

263 2677 375 2720 foliis
404 2677 827 2721 lineari-lanceolatis
852 2678 1045 2731 margine
1072 2679 1252 2733 scabris,
1278 2680 1475 2734 panicula
1499 2680 1737 2735 spiciformi
1763 2680 1888 2733 longe
1915 2684 1957 2723 et

264 2737 399 2779 dense
421 2736 674 2790 cylindrica‚
702 2737 880 2791 spiculis
908 2737 1320 2792 plano-compressis
1361 2739 1513 2790 ovatis‚
1544 2739 1702 2791 glumis
1738 2739 1957 2782 subcoria-

264 2795 351 2838 ceis
399 2795 595 2848 oblongis
644 2795 759 2837 inter
803 2807 964 2839 nervos
1006 2800 1096 2839 tres
1139 2797 1331 2840 elevatos
1377 2798 1566 2841 exaratis
1599 2809 1725 2841 secus
1767 2798 1954 2841 carinam

266 2865 458 2907 superne
500 2866 626 2907 parce
666 2854 820 2897 ciliatis
861 2855 1117 2898 acuminatis
1150 2859 1193 2899 et
1227 2857 1347 2910 apice
1381 2860 1629 2900 extrorsum
1665 2857 1956 2909 subcurvatis‚

265 2913 468 2965 glumella
501 2917 543 2955 et
572 2913 692 2966 palea
728 2914 875 2966 gluma
914 2913 1246 2969 subquadruplo
1274 2915 1549 2960 brevioribus
1576 2916 1658 2959 sub
1686 2916 1799 2960 lente
1822 2914 1956 2972 pube-
