2089 3246
84 177 312 215 brecizlaria.
829 191 1025 218 L1L1AOEAE
1712 189 1781 226 179

137 262 176 303 3.
203 260 260 304 P.
291 261 605 318 Meleagris
626 263 691 314 (L.
714 263 788 318 Sp.
816 264 922 319 486)
943 264 1064 306 caule
1089 265 1206 306 tenui
1234 265 1418 309 unissoro
1443 267 1586 310 rat-lus
1618 269 1772 313 billoro

75 320 230 369 foliato,
254 321 366 363 soliis
404 323 777 374 glaucescentibus
804 328 986 375 anguste
1021 324 1261 365 linearibus
1299 326 1594 370 canaliculalis
1621 330 1775 383 saepis-

75 379 184 420 sime
208 381 392 434 sparsis,
416 382 522 422 llore
552 394 704 434 magno
731 386 908 424 nutante
932 382 1014 425 late
1037 383 1337 435 campanulum
1367 384 1457 426 basi
1483 386 1772 431 subtruncato

75 438 474 493 vinoso-purpureo
497 440 904 492 albida-tessellato,
938 442 1146 495 pcrigonii
1171 442 1329 496 phyllis
1362 443 1773 499 oblongo-elliplicis

75 497 195 550 apice
220 499 387 541 obtusis
417 499 571 541 albidis
597 513 729 553 supra
764 501 883 542 basin
911 502 1032 543 sulco
1069 501 1219 543 lineari
1245 505 1372 544 extus
1396 503 1438 545 in
1463 504 1637 556 gibbum
1658 507 1776 548 elon·

69 560 214 608 gaium
243 558 516 611 prominente
546 559 780 608 foveolafis,
807 559 1039 603 illamentis
1057 559 1219 613 glabris
1248 562 1429 604 anthera
1452 563 1766 617 sesquilougio-

70 615 205 662 ribus,
229 616 341 670 stylo
379 617 430 658 ad
471 618 640 660 terliam
678 622 843 672 partem
883 619 1038 669 trifido,
1081 620 1253 671 capsula
1292 620 1470 673 globosa
1506 622 1691 678 abrupte
1732 629 1775 667 et

71 674 263 719 breviter
295 676 488 729 stipilata
531 684 588 726 26.
618 676 671 719 Ic.
702 677 834 720 Rchb.
874 678 943 730 lig.
974 679 1070 720 974.
1098 677 1246 720 Variat
1281 679 1388 722 ssore
1417 680 1657 725 lutescentc
1704 685 1771 726 vel

66 733 206 777 albido
235 745 349 788 saepe
375 736 609 779 unicolore.
632 758 691 768 —
715 736 762 778 F.
788 736 905 779 lutea
928 736 1064 780 Rchb.
1093 738 1164 789 lig.
1191 739 1275 779 975
1306 751 1389 780 non
1418 739 1468 780 M.
1497 739 1542 781 B.

109 806 208 843 Hal).
230 808 270 843 in
300 808 423 854 pratis
460 809 634 845 humidis
661 810 828 846 Caucasi
861 811 928 855 (ex
963 810 1012 846 M.
1047 811 1123 856 R),
1157 812 1323 857 probab.
1370 813 1407 847 in
1435 813 1668 851 Macedonia
1707 817 1767 851 vel

61 854 236 890 Thracia.
262 855 292 890 E
311 855 461 891 ditione
479 857 653 892 nondum
672 858 766 893 vidi.

103 919 167 954 Ar.
196 920 330 965 Geoqr.
362 919 516 966 Europa
534 920 703 956 borealis
725 924 762 956 et
782 921 909 956 media
937 921 987 956 ab
1021 921 1163 966 Angli-a
1195 925 1232 957 ct
1261 922 1459 967 Norvegia
1491 924 1541 959 ad
1577 925 1770 962 Galliam.

54 964 212 1049 Itltaliaint
226 966 842 1049 borealem,Bos11iam,Serbiam,
857 969 1056 1015 regionem
1078 969 1356 1015 Danubialem,
1377 970 1556 1007 [ios-siam
1580 968 1768 1008 mediam

60 1023 79 1048 e
121 1023 193 1049 aus
214 1025 257 1049 ra
275 1024 350 1055 em.

115 1115 157 1155 lt.
184 1113 238 1156 P.
261 1113 482 1157 tenella
508 1113 576 1166 (ll.
603 1114 650 1157 B.
681 1117 810 1158 Taur.
836 1115 965 1158 Cauc.
997 1115 1025 1167 l,
1059 1128 1098 1169 p.
1133 1117 1237 1164 ³239)
1259 1116 1380 1158 caule
1410 1117 1523 1159 elato
1555 1118 1767 1161 i·2-ssoro

55 1173 142 1226 jam
185 1173 294 1216 inl'ra
355 1173 544 1216 medium
600 1173 756 1222 foliato,
805 1175 915 1217 soliis
971 1177 1153 1228 anguste
1208 1175 1448 1217 linearibus
1498 1178 1761 1221 acuminatis

55 1232 347 1275 canaliculalis
377 1234 544 1286 sparsis
575 1235 637 1276 vel
679 1234 957 1277 interioribus
995 1234 1208 1288 oppositis
1236 1237 1277 1276 et
1305 1235 1610 1287 superioribus
1637 1248 1754 1291 saepe

55 1292 130 1333 :t-3
155 1292 436 1334 verticillatis.
462 1292 567 1334 flore
587 1294 789 1336 mediocri
813 1305 974 1336 cernuo
1003 1294 1305 1346 campanulato
1331 1298 1459 1336 extus
1480 1295 1622 1337 luride
1653 1310 1761 1350 pur-

58 1363 190 1404 pureo
237 1351 355 1392 inlus
399 1351 557 1393 llavido
605 1354 1090 1407 purpureo-tessellato,
1137 1353 1296 1406 phylhs
1347 1353 1762 1408 clliptico-ohlongis

53 1409 207 1453 obtuse
235 1411 439 1453 carinatis
468 1424 673 1454 mucrone
703 1412 860 1454 obtuso
905 1412 1062 1456 virenti
1092 1412 1336 1454 terminatis
1358 1424 1491 1465 supra
1518 1413 1639 1456 basin
1667 1426 1763 1456 nec-

54 1469 162 1512 tario
185 1472 311 1511 ovato
335 1470 548 1522 impresso
572 1475 699 1513 extus
723 1472 765 1513 in
789 1469 965 1524 gibbum
1003 1471 1275 1525 prominente
1300 1471 1497 1520 foveatis,
1528 1472 1763 1516 lilamentis

52 1529 214 1582 glabris
247 1529 427 1571 anthera
472 1529 603 1582 duplo
642 1530 924 1583 longioribus,
954 1532 1068 1583 stylo
1103 1529 1157 1571 ad
1189 1530 1379 1573 medium
1415 1531 1559 1584 patule
1600 1532 1760 1585 trilido,

51 1588 227 1641 capsula
267 1588 451 1631 obovala
495 1589 691 1632 breviter
731 1590 922 1643 stipitata
968 1596 1021 1637 26.
1062 1590 1267 1632 Wickstr.
1306 1590 1387 1633 tab.
1435 1590 1485 1632 V.
1531 1614 1587 1622 -
1621 1592 1756 1635 Rchb.

53 1645 197 1689 Germ.
238 1647 303 1701 fig.
350 1649 431 1689 977
469 1652 512 1691 et
548 1649 646 1691 978.
672 1673 724 1678 -
748 1649 790 1690 F.
835 1651 1044 1690 montana
1086 1649 1236 1702 {Ioppe
1270 1648 1394 1692 Flora
1419 1649 1511 1697 XV,
1535 1651 1575 1703 ⁰2,
1599 1663 1639 1705 p.
1661 1653 1759 1693 476.

51 1705 207 1760 Moggr.
244 1706 372 1751 Ment-
411 1707 492 1750 tab.
531 1709 599 1750 66.
641 1733 696 1738 -
751 1708 795 1750 F.
829 1707 1132 1752 (laica-solemia·
1160 1708 1296 1760 Goaty
1326 1712 1368 1751 et
1406 1709 1522 1751 Pons
1569 1710 1609 1752 in
1645 1711 1754 1753 Ard.

50 1764 109 1807 Fl.
136 1766 231 1820 Alp.
268 1779 373 1809 mar.
393 1773 451 1796 -“-
478 1766 523 1809 F.
553 1779 776 1809 raremosa
800 1788 839 1810 α.
868 1768 1014 1809 mitior
1051 1768 1140 1809 ssot.
1172 1768 1276 1820 Mag.
1308 1768 1391 1810 tab.
1428 1770 1571 1811 1216?

92 1841 194 1877 Hab.
236 1842 275 1876 in
318 1842 439 1887 pratis
471 1842 612 1878 insulae
650 1842 841 1888 Zacynthi
878 1842 1062 1889 (Mar-ort).
1095 1842 1132 1877 in
1164 1843 1327 1877 Caucasi
1357 1842 1543 1878 centralis
1574 1845 1740 1890 regione

50 1888 184 1935 alpina
205 1889 276 1934 (M.
297 1889 355 1932 B.,
375 1890 415 1924 C.
436 1890 482 1925 A.
503 1889 553 1925 M.
574 1891 613 1933 l).

94 1952 227 1989 Flores
247 1953 304 1989 eis
338 1952 382 1989 F.
405 1953 619 2000 Meleafyris
651 1955 848 1999 minores;
884 1954 1055 1990 differta
1089 1953 1131 1989 F.
1165 1952 1393 2001 Pyrenaicd
1437 1956 1544 1991 lloris
1568 1955 1758 1992 brevioris

48 2000 192 2046 phyllis
211 2002 318 2047 apice
338 2011 416 2036 non
437 2002 623 2045 recurvis,
644 2002 814 2048 aliisque
834 2003 952 2037 notis.
973 2002 1200 2048 Specimina
1220 2002 1327 2038 herb.
1362 2002 1582 2048 Meyeriani
1615 2003 1756 2039 abbre-

48 2047 153 2084 viata
169 2050 273 2093 sunt,
292 2048 560 2095 semipedalia,
583 2049 780 2085 Banaticis
799 2049 958 2085 similia.

91 2112 153 2148 Ar.
186 2113 319 2158 Geoqr.
361 2112 482 2159 Alpes
524 2113 748 2157 maritimae,
790 2113 979 2149 Littorale
1019 2113 1290 2151 Austriacum,
1325 2113 1530 2156 Dalmatia,
1568 2114 1754 2149 Banatus.

46 2158 89 2194 F.
107 2159 320 2243 (ἂνεὶπὶαηα
341 2170 388 2195 ex
422 2160 672 2207 Appenninis
693 2171 814 2207 quam
830 2171 906 2196 non
936 2161 1071 2196 vivam
1089 2160 1170 2196 vidi
1189 2160 1265 2195 huc
1294 2159 1426 2196 forsan
1464 2170 1623 2207 quoque
1656 2163 1752 2198 rese-

47 2216 114 2242 ren
146 2217 180 2243 a.

105 2300 142 2341 5.
176 2299 232 2342 F.
270 2299 515 2343 Pontica
553 2299 718 2354 (Wahl.
756 2299 838 2343 Isis
874 2299 993 2353 XXI,
1039 2313 1079 2354 p.
1119 2299 1225 2354 984)
1264 2300 1385 2342 caule
1435 2300 1546 2343 elato
1590 2301 1751 2355 saepius

50 2359 351 2414 mouocephalo
393 2372 415 2402 a
453 2359 594 2402 medio
624 2359 789 2411 foliosa,
814 2359 925 2401 foliis
963 2360 1177 2402 viridibus
1202 2360 1286 2402 late
1313 2359 1559 2402 lanceolatis
1587 2360 1751 2403 obtusi-

50 2419 208 2461 usculis
248 2419 407 2462 infimis
436 2418 646 2472 oppositis
673 2418 945 2461 intermediis
969 2420 1155 2472 sparsis,
1177 2419 1398 2472 supremis
1424 2420 1629 2462 ternatim
1655 2432 1750 2462 ver-

48 2477 230 2520 ticillatis
256 2479 405 2520 llorem
427 2477 755 2531 superantibus,
785 2478 890 2520 l'lore
917 2490 1067 2532 magno
1088 2478 1257 2520 nutanti
1285 2478 1601 2532 cainpanulato,
1627 2479 1751 2532 phyl-

48 2536 98 2579 lis
137 2537 540 2591 oblongo-ellipticis
593 2537 760 2578 obtusis
806 2537 1169 2580 llavovirentibus
1226 2537 1418 2589 margine
1464 2541 1507 2579 et
1556 2550 1748 2591 superne

49 2595 374 2639 rubellovtinctis
402 2596 585 2638 internis
608 2596 833 2639 latioribus
858 2596 1210 2650 subspathulatis
1235 2597 1439 2639 omnibus
1463 2608 1597 2651 supra
1627 2598 1746 2640 basin

48 2657 233 2698 nectario
261 2659 385 2698 ovalo
409 2655 641 2698 orbiculari
664 2655 902 2709 nigricante
921 2656 1160 2706 l'oveolaliS,
1182 2656 1413 2698 filamenlis
1432 2657 1747 2710 subpapillosis

46 2714 221 2757 anthera
251 2715 384 2769 duplo
411 2714 692 2768 longioribus.
719 2716 832 2768 stylo
857 2714 909 2756 ad
934 2715 1124 2758 medium
1151 2715 1311 2766 trilido,
1335 2717 1514 2769 capsula
1539 2715 1745 2768 oblongo-

47 2773 260 2816 turbinata
286 2788 369 2816 uon
393 2775 584 2828 stipitata
610 2775 780 2828 angulis
808 2774 933 2817 alatis
966 2780 1027 2822 26.
1068 2774 1114 2816 F.
1141 2774 1366 2828 olympica
1404 2773 1449 2817 C.
1474 2775 1591 2818 Koch
1622 2774 1744 2816 Linn.

49 2830 183 2886 XXII,
215 2847 252 2887 p.
278 2834 374 2876 2302.

92 2905 191 2942 Hab.
212 2907 251 2942 in
267 2908 475 2953 sylvaticis
493 2908 667 2953 regionis
688 2908 884 2943 inferioris
901 2907 1143 2943 Macedonia>
1157 2907 1280 2952 (Friv.
1301 2919 1349 2944 ex
1369 2908 1522 2944 Griseb.
1547 2908 1745 2954 ,Thraciae

47 2951 144 2989 circa
164 2953 402 3001 Byzantium
423 2955 564 3000 (Auen.
585 2953 694 2992 2183!
718 2954 779 2992 W.
794 2955 950 3001 Barbey
968 2957 975 2991 1
1000 2956 1216 3002 Duparql),
1235 2956 1276 2992 in
1299 2960 1432 2993 monte
1452 2957 1508 2992 Ba
1556 2965 1606 2992 an
1624 2965 1745 3002 supra
