2062 3314
205 189 278 227 302
938 195 1137 223 LILIACEAE
1665 186 1905 226 Bellevalz'a.

268 271 309 313 2.
342 270 398 314 B.
425 268 628 313 ciliata
657 265 778 324 (Cyr.
803 267 938 322 Neap.
964 268 1019 316 ΙΙ,
1056 269 1123 317 22,
1154 267 1239 311 tab.
1275 267 1323 309 10
1357 267 1440 310 sub
1473 267 1743 324 Hyacintho)
1773 270 1911 313 bulbo

207 334 333 373 ovato
368 329 618 383 majusculo,
653 327 766 369 foliis
798 328 872 369 4-6
910 328 1060 370 loratis
1101 327 1191 369 basi
1231 326 1465 369 attenuatis
1501 327 1695 371 breviter
1724 330 1908 372 acutatis

206 389 401 442 margine
438 386 726 438 cartilagineis
762 390 805 429 et
838 386 970 430 dense
997 386 1199 430 ciliatulis
1233 397 1361 439 scapo
1395 397 1542 428 crasso
1576 387 1688 429 elato
1727 388 1906 430 sublon-

203 448 415 501 gioribus‚
442 448 611 489 lracemi
650 446 744 487 laxe
790 446 1016 488 multiflori
1064 444 1385 497 ovato-oblongi
1434 446 1657 498 pedicellis
1696 446 1902 490 floriferis

202 507 414 549 flexuosis
448 507 557 548 flore
598 505 767 558 4-8-plo
807 505 1073 558 longioribus
1113 504 1350 547 fructiferis
1382 503 1533 557 rigidis
1577 505 1903 548 horizontaliter

204 567 468 619 patentibus,
506 564 694 607 bracteis
742 564 931 606 minimis
980 565 1044 606 vel
1086 563 1312 613 abortivis,
1365 564 1573 617 perigonii
1609 565 1900 619 campanulati

203 625 333 667 livide
366 622 728 678 purpuraseentis
768 624 1004 676 segmentis
1037 624 1192 666 erectis
1227 622 1365 665 ovatis
1389 623 1672 666 acutiusculis
1702 623 1806 666 tubo
1828 623 1913 666 tri--

202 684 269 738 plo
296 684 574 726 brevioribus
598 681 1079 729 viridi-latescentibus
1112 682 1343 725 filameutis
1370 681 1902 735 triangulari-lanceolatis

202 743 382 786 anthera
419 743 608 786 violacea
645 740 937 788 brevioribus,
975 744 1150 795 capsula
1186 739 1574 795 obovato-oblonga
1609 741 1777 794 trigona
1812 741 1904 784 basi

205 803 373 857 longius
399 802 519 857 apice
545 801 724 843 brevius
750 802 971 843 attenuata
996 801 1229 843 snbretusa
1276 802 1338 846 fll-
1373 800 1426 841 B.
1456 800 1605 842 cilinia
1645 800 1759 843 Nees
1797 800 1905 843 Gen.

203 860 350 904 Germ.
382 886 432 892 —
466 860 662 903 Muscart'
702 859 900 902 ciliatzcm
932 860 1026 902 Bot.
1071 860 1175 914 Reg.
1218 860 1315 901 394.
1341 884 1397 891 —
1434 859 1487 900 H.
1529 859 1710 911 patulus
1744 859 1905 902 Bertol.

202 921 363 964 Comm.
394 920 500 962 Bou.
528 919 579 970 V,
606 921 704 962 430.
728 942 784 950 -
816 919 866 961 H.
898 918 1079 961 Olivz'erz'
1106 919 1245 962 Baker
1269 919 1424 961 Journ.
1461 918 1507 961 of
1537 918 1627 962 Bot.
1672 918 1770 971 XII,
1800 932 1838 973 p.
1878 921 1904 961 8

203 980 442 1035 <specimen
463 979 616 1033 junius
642 979 864 1034 pedicellis
889 979 1186 1032 abbreviatis).

250 1054 353 1089 Hah.
370 1055 411 1089 in
430 1054 547 1099 agris,
568 1053 724 1089 Graecia
743 1053 782 1087 in
802 1053 930 1088 Attica
947 1055 985 1088 et
1003 1053 1190 1097 Argelide
1211 1052 1358 1099 (Sprun
1375 1055 1382 1088 !
1399 1052 1511 1088 Boiss
1528 1053 1535 1087 l
1556 1051 1730 1097 Heldrl)‚
1753 1052 1903 1088 Baeotia

201 1102 301 1136 inter
319 1101 471 1148 Oropos
494 1105 530 1136 et
557 1100 715 1136 Chalcis
734 1099 875 1144 (Heldr
890 1101 930 1145 l),
950 1100 1182 1136 Macedonia
1201 1102 1268 1144 (ex
1289 1100 1425 1144 Friv.),
1441 1099 1580 1135 Cilicia
1594 1100 1737 1143 (Auch.
1754 1100 1848 1135 2118
1865 1103 1905 1145 3),

203 1149 319 1194 Syria
356 1149 404 1184 ad
437 1149 589 1195 Aleppo
633 1147 866 1192 (Hausskll‚
907 1147 1104 1183 desertum
1135 1147 1629 1194 AEgyptiaco-Palestinum
1665 1147 1714 1182 ad
1740 1146 1903 1182 Scheick

201 1196 354 1242 Zeoyed
395 1196 623 1241 (Bm-beyn,
652 1195 939 1241 Mesopotamia
970 1195 1018 1230 ad
1047 1194 1290 1240 Euphratem
1317 1195 1519 1240 (Chesney
1540 1193 1639 1238 106),
1661 1194 1710 1229 ad
1748 1194 1904 1230 Mai-din

201 1246 239 1279 et
258 1244 459 1279 desertum
490 1243 567 1278 Ras
604 1243 639 1278 el
659 1244 736 1278 Ain
759 1241 938 1286 (Haussk
957 1243 998 1287 l),
1015 1242 1161 1277 Taurist
1182 1242 1340 1288 (δίεν),
1359 1242 1488 1278 Iberia
1507 1241 1668 1287 (With),
1701 1241 1905 1277 Belutcliiz't

201 1301 322 1338 prope
342 1292 459 1326 Kelat
480 1290 635 1335 (Stocks
658 1290 780 1335 9341).

258 1357 288 1411 β
310 1356 483 1410 ylauca.
512 1379 568 1386 —
595 1354 746 1406 Minor,
769 1367 926 1409 scapus
949 1356 991 1396 et
1009 1353 1108 1396 folia
1134 1354 1386 1397 abbreviata
1415 1352 1614 1407 oblonga,
1641 1366 1691 1396 ea
1714 1353 1905 1406 margine

200 1416 421 1460 interdum
448 1429 530 1458 uon
551 1415 690 1458 ciliala
718 1414 794 1456 sed
814 1413 1026 1467 scabrida,
1058 1414 1328 1467 perigonium
1351 1413 1494 1456 minus
1513 1414 1536 1454 3
1556 1413 1692 1456 lineas
1717 1413 1906 1465 longum⁷

201 1476 397 1530 pedicelli
422 1474 746 1517 abbreviati.—
766 1472 1183 1523 Matseariytancnm
1210 1473 1450 1515 Lindl.Bot.
1476 1472 1576 1524 Reg.
1594 1472 1680 1514 tab.
1717 1473 1905 1514 1055.—

195 1535 434 1580 Bellevalt'a
448 1535 608 1587 ylauea
631 1532 781 1575 K‘h.-
802 1531 999 1573 Muscam?
1026 1531 1278 1574 Willzelmsiess
1298 1531 1412 1575 Stev.
1437 1532 1568 1574 Taur.
1589 1532 1685 1573 336.
1703 1555 1757 1562 -
1785 1531 1905 1584 Hyrie

195 1606 455 1649 purpureus
487 1593 609 1636 Griff.
639 1592 697 1635 Ic.
734 1592 818 1634 tab.
855 1593 955 1639 275,
986 1591 1081 1634 Not.
1110 1604 1149 1646 p.
1191 1592 1288 1633 242.
1320 1615 1376 1620 -
1403 1589 1683 1644 Hyacinthus
1712 1589 1905 1632 Anchari

200 1654 343 1697 Baker
360 1654 513 1697 Journ.
546 1652 669 1694 Linn.
699 1651 794 1694 Soc.
831 1650 900 1701 XI,
924 1664 962 1706 p.
983 1651 1084 1694 431.

247 1728 351 1764 Hah.
386 1729 426 1763 in
457 1726 776 1762 Transcaucasiae
806 1725 956 1760 ditione
1000 1725 1144 1760 G1·usi;·1
1177 1725 1237 1769 (C.
1257 1724 1366 1760 Koch
1387 1726 1424 1769 l),
1458 1723 1592 1760 Persia
1626 1725 1666 1759 in
1702 1724 1905 1760 montibus

203 1776 460 1812 Bachtiaricis
478 1774 605 1818 (herb.
628 1773 736 1808 Hort.
765 1773 908 1818 Petrop
923 1773 962 1817 l),
982 1772 1155 1818 Ispahan
1174 1772 1314 1815 (Auch.
1334 1771 1429 1807 5396
1448 1773 1487 1816 l).
1521 1772 1559 1806 In
1587 1773 1720 1806 monte
1749 1771 1906 1807 Sawers

203 1824 348 1860 Persiae
369 1822 556 1858 australis
574 1820 758 1865 (Haussk
777 1822 812 1865 ll,
833 1820 1044 1866 Affghania
1064 1822 1100 1856 et
1127 1819 1355 1855 Belutschia
1375 1818 1504 1863 (Griff.
1528 1829 1577 1854 ex
1596 1818 1761 1863 Baker.).

258 1911 282 1951 y
310 1889 597 1942 stcnoplzylla.
615 1913 669 1920 -
688 1887 987 1941 Semipedalis,
1011 1887 1106 1930 folia
1131 1887 1444 1941 5-6-pollicaria
1470 1888 1543 1928 2-3
1570 1887 1706 1930 lineas
1732 1889 1901 1930 tautum

200 1952 281 1993 lata
309 1950 555 2004 pectinatim
580 1948 719 1991 ciliata
748 1947 1004 1990 acuminata.

246 2024 349 2060 Hah.
370 2024 408 2059 in
430 2023 607 2058 arenosis
626 2022 845 2057 insularum
864 2020 1018 2056 Karrak
1040 2022 1077 2056 et
1095 2021 1231 2065 Korgo
1250 2019 1393 2055 Persice
1412 2019 1597 2055 australis
1617 2019 1713 2065 (Ky.
1732 2019 1779 2055 23
1797 2021 1832 2064 l).

249 2087 390 2123 Planta
410 2087 450 2122 in
473 2090 567 2132 typo
586 2085 741 2132 pedalis
760 2087 798 2120 et
820 2084 972 2128 elatior,
993 2084 1033 2118 in
1057 2084 1317 2119 varIetatihus
1338 2083 1605 2129 semipedalis
1633 2083 1728 2118 folia
1752 2084 1789 2118 in
1809 2085 1903 2129 typo

204 2135 392 2182 pollicem
414 2144 518 2180 salpe
538 2134 618 2168 lata
636 2137 672 2168 et
691 2132 939 2179 perigonium
960 2131 981 2166 4
1000 2130 1125 2166 lineas
1155 2132 1331 2176 longum,
1360 2130 1539 2176 pedicelli
1568 2130 1773 2165 inferiores
1802 2130 1903 2165 fruc·

202 2182 305 2218 tiferi
325 2182 630 2228 2-3-polli0a1es3
654 2181 817 2226 capsula
832 2178 896 2214 6-8
916 2178 971 2213 lin
993 2178 1120 2224 longa,
1141 2178 1181 2212 in
1209 2188 1290 2213 var.
1318 2177 1341 2225 β
1361 2178 1469 2224 apice
1491 2178 1728 2224 profundius
1747 2180 1896 2213 retusa.

251 2247 312 2282 Ar.
333 2247 468 2291 Geoqr.
490 2244 608 2280 Italia
626 2242 826 2288 australis,
844 2241 985 2277 Rossia
1007 2241 1205 2287 aristi-alm,
1228 2241 1359 2276 Africa
1378 2240 1561 2276 borealis.

263 2358 303 2399 3.
330 2356 388 2399 B.
418 2355 601 2398 dubia
629 2352 775 2409 (Guss.
811 2352 899 2395 Cat.
923 2352 1047 2394 Bocc.
1072 2352 1196 2399 1821,
1224 2364 1264 2404 p.
1292 2351 1346 2392 32
1375 2351 1457 2393 sul)
1476 2349 1747 2405 Hyacintleoj)
1772 2350 1902 2393 bullio

200 2420 341 2467 ovato,
366 2416 478 2459 foliis
518 2413 746 2457 subternis
785 2412 1024 2454 linearibus
1052 2410 1347 2453 canaliculatis
1371 2410 1627 2452 acuminatis
1650 2422 1779 2463 scapo
1814 2410 1903 2451 lon-

199 2476 412 2529 gioribus,
445 2486 613 2517 racemo
647 2473 729 2515 sub
760 2472 925 2515 anthesi
968 2470 1241 2523 cylindraceo
1273 2469 1526 2521 laxiusculo,
1554 2469 1774 2522 pedicellis
1801 2469 1900 2511 flori

200 2534 541 2589 subaequilongis
572 2533 820 2585 patentibus
847 2531 953 2573 flore
971 2530 1144 2571 demum
1164 2529 1436 2581 subiiutanti,
1461 2528 1690 2570 bracteolis
1723 2528 1902 2570 minutis

199 2593 559 2648 triangularibus,
588 2591 774 2633 floribus
804 2589 1006 2632 omnibus
1034 2588 1268 2639 fertilibus,
1297 2588 1507 2641 perigouii
1535 2587 1704 2629 cterulci
1736 2599 1904 2640 campa-

200 2654 335 2696 nulati
362 2651 597 2706 segmentis
621 2649 998 2693 ovato-deltoideis
1031 2648 1197 2690 obtusis
1226 2647 1329 2689 tubo
1359 2647 1575 2699 subtriplo
1609 2645 1901 2696 brevioribus,

201 2713 435 2755 filamentis
463 2724 484 2752 a
513 2711 633 2752 fauce
666 2709 815 2751 liberis
846 2706 1357 2760 triangulari-attenuatis
1397 2706 1578 2747 anthera
1611 2705 1899 2757 longioribus,

200 2772 393 2814 antheris
416 2770 628 2820 caeruleis,
657 2768 834 2822 capsula
861 2770 984 2809 acute
1005 2767 1173 2818 trigona
1198 2765 1318 2818 apice
1343 2765 1468 2807 valde
1492 2766 1641 2807 retusa
1669 2764 1897 2806 obcurdata

208 2832 267 2877 ssl-
295 2831 344 2872 B.
375 2829 509 2872 dubia
530 2829 581 2871 R.
604 2832 646 2870 et
670 2827 766 2870 Soli.
792 2826 887 2875 VII,
917 2838 960 2880 p.
988 2826 1151 2867 387.—
1178 2824 1230 2865 B.
1262 2823 1471 2866 Clusiana
1498 2823 1676 2867 Griseb.
1707 2823 1818 2877 Spic.
1845 2822 1901 2874 ΙΙ,

195 2903 240 2946 p.
270 2889 375 2932 387!

246 2965 347 3002 Hah.
371 2966 413 3000 In
432 2965 558 3011 cultis,
575 2963 729 3000 Graecia
746 2963 785 2998 in
805 2961 1080 3008 Peloponneso
1100 2958 1228 3003 (herb.
1245 2958 1399 2995 Fauche
1414 2959 1452 3004 l),
1471 2958 1512 2993 in
1529 2957 1701 2994 Laconi-:i
1720 2957 1897 3004 (Orphl)‚
