2089 3246
58 230 223 269 Allium.
806 238 1007 265 LmACEAE
1690 231 1763 270 259

59 314 273 360 subulatis
297 311 519 368 perigonio
541 312 799 367 aequilongis
824 326 922 357 cum
948 325 998 357 eo
1022 312 1116 356 basi
1139 314 1350 367 connatis,
1379 313 1529 357 ovario
1551 314 1759 368 elliptico.

60 375 172 429 stylo
200 372 367 416 incluso
404 377 463 420 26.
483 371 533 413 A.
556 372 818 414 montanum
845 372 959 426 Bory
983 376 1023 415 ct
1048 371 1210 415 Chaub.
1230 371 1292 414 Fl.
1312 373 1399 417 Pel.
1426 385 1511 416 non
1527 372 1662 417 Sibth.
1698 374 1761 417 Fl.

60 432 196 477 Graec.
223 455 277 463 -
302 431 353 474 Α.
387 430 643 485 Boryanum
668 429 758 473 ΚΦ.
783 432 862 474 Εη.
887 431 959 485 IV,
982 445 1025 487 p.
1057 432 1155 474 411.

106 505 209 542 Hah.
227 506 271 541 in
288 503 465 540 dumosis
480 503 686 539 Messeniae
708 504 808 540 inter
828 503 973 540 Modon
988 498 1034 540 'et
1054 504 1230 540 Navarin
1257 503 1422 551 (Boryl)
1440 504 1481 540 in
1518 504 1690 542 dumetis
1712 506 1761 541 ad

59 553 272 589 Neocastro
301 551 460 596 (Sani),
489 550 530 586 in
565 551 727 596 regione
759 551 891 588 media
923 552 1092 598 Taygeti
1126 551 1304 598 (Orphl)‚
1339 561 1461 634 prose
1498 552 1764 599 Missolunghi

59 600 218 636 OEtoliae
240 598 405 645 (Nieder
419 599 444 643 l)
462 600 500 634 et
526 598 565 633 in
584 599 743 644 regione
763 598 978 646 subalpina
998 599 1145 634 montis
1166 599 1293 634 Corax
1312 598 1406 645 (Hel
1439 600 1504 645 τι).

104 665 250 701 Pedale
271 663 335 699 vel
354 662 557 708 humilius·‚
578 663 828 709 pei-igonium
847 663 871 699 2
889 664 931 709 ¹l²
954 664 1023 700 lin.
1040 663 1216 710 longum.
1236 663 1394 710 Species
1412 663 1542 700 affinis
1564 664 1612 700 A.
1639 666 1764 702 tenui-

51 712 164 760 floro,
192 710 490 748 distinctissima
508 710 654 756 vagina
679 713 863 757 suprema
883 711 1071 748 umbellae
1088 712 1167 747 fere
1184 711 1378 758 contigua,
1397 712 1540 758 spatha
1559 713 1757 760 univalvi,

57 760 250 807 perigonii
273 756 423 805 phyllis
445 757 555 804 apice
578 757 722 794 eximie
739 759 939 794 truncatis.

118 875 185 916 70.
207 873 271 917 A.
296 871 586 916 Achaiam
609 872 772 928 (Boiss.
804 876 846 917 et
866 872 1002 928 Orph.
1033 873 1077 916 in
1100 871 1235 928 Orph.
1262 873 1323 917 Fl.
1352 872 1426 916 Gr.
1457 885 1547 918 exs.
1571 875 1631 917 N0
1654 877 1762 930 427)

55 932 173 977 bulbi
212 932 325 976 ovati
368 931 527 975 tunicis
570 931 914 976 membranaceis
944 932 1139 977 externis
1178 933 1330 987 nigris,
1364 944 1494 988 scapo
1543 936 1669 979 tereti
1706 938 1760 980 ad

56 992 245 1036 medium
273 1002 413 1046 usque
439 991 583 1034 foliato
605 991 701 1034 solia
723 996 907 1045 anguste
927 991 1107 1035 linearia
1133 993 1400 1035 semiteretia
1419 993 1761 1048 subsuperante‚

57 1052 220 1106 spathae
257 1051 394 1093 valvis
425 1049 538 1093 binis
573 1049 821 1093 lanceolatis
853 1050 1112 1094 acuminatis
1153 1051 1356 1095 umbellas
1399 1052 1758 1108 subaequilongis,

59 1110 255 1153 umbellae
282 1108 552 1152 10-20-ssorae
585 1109 807 1164 pedicellis
836 1109 1113 1153 filiformibus
1146 1111 1478 1165 erecto-patulis
1502 1112 1612 1156 flore
1636 1113 1758 1168 3-plo

58 1169 325 1224 longioribus
357 1168 477 1222 apice
524 1167 786 1220 incrassatis,
826 1169 1038 1224 pei-igonii
1081 1169 1199 1212 rosei
1238 1169 1760 1226 obconieo-campanulati

58 1227 214 1283 phyllis
240 1226 643 1281 obovato-oblongis
665 1227 836 1271 obtusis
866 1240 1000 1272 nervo
1020 1228 1161 1271 medio
1184 1229 1546 1281 subsaturatiore,
1564 1231 1762 1275 filamen-

57 1287 112 1330 tis
148 1287 241 1331 basi
277 1286 498 1341 perigenio
524 1286 693 1329 adnatis
725 1298 776 1329 eo
803 1287 1143 1342 subaequilongis
1183 1288 1433 1332 lanceolatis
1456 1291 1623 1333 sensim
1653 1295 1764 1336 atte-

57 1347 211 1396 nuatis,
235 1347 383 1391 ovario
410 1344 608 1399 oblongo,
631 1345 831 1400 stigmate
857 1347 1118 1390 subexserto
1148 1348 1208 1394 Ql.

59 1428 231 1522 40(sz
226 1430 266 1465 in
282 1430 415 1520 ῐέιῧηῐθ
436 1426 576 1465 Clocos
593 1427 754 1464 Achaiae
773 1437 894 1476 prope
914 1428 1088 1465 Vostitza
1105 1429 1183 1465 sito
1208 1428 1294 1466 loco
1320 1429 1443 1467 Pente
1464 1430 1615 1477 Vryses
1654 1431 1760 1469 dicto

235 1487 280 1524 rp
324 1504 361 1512 ..

115 1551 143 1596 Β
167 1550 497 1594 Parnassiczcm.
525 1574 584 1584 —
607 1550 827 1605 Perigonii
860 1551 1124 1604 angustioris
1157 1552 1576 1596 tabu-loso-obconioi
1611 1554 1757 1609 phylla

51 1597 431 1660 acutiora-lineari,
479 1610 677 1664 oblonga,
724 1610 946 1654 filamenta
982 1612 1204 1667 perigenio
1244 1611 1547 1655 subbreviora.
1594 1612 1757 1668 Spatha

57 1681 173 1725 saepe
200 1669 596 1724 umbellalongior.

101 1753 204 1790 Hah.
229 1754 270 1790 in
295 1752 454 1799 regione
481 1752 658 1789 abietina
689 1754 726 1789 et
757 1751 891 1836 alfina
917 1753 1062 1789 montis
1096 1753 1281 1790 Parnassi
1313 1754 1475 1799 (Guiccl
1505 1754 1644 1792 Heldr.
1679 1766 1762 1793 exs.

53 1799 192 1847 27661),
208 1801 357 1837 montis
376 1799 534 1837 Malevo
551 1800 737 1836 Laconiae
758 1810 781 1835 a
826 1810 1017 1836 cacumen
1043 1800 1182 1848 (Orph.
1205 1811 1286 1838 exs.
1305 1801 1449 1848 35771).

103 1873 348 1922 semipedale
378 1876 417 1910 et
439 1874 509 1910 vix
533 1873 692 1927 pedale,
719 1873 901 1921 pedicelli
927 1873 992 1910 6—8
1018 1874 1156 1921 lineas,
1184 1875 1432 1922 perigonium
1462 1874 1529 1913 3-3
1563 1877 1606 1922 ¹l2
1638 1876 1764 1914 lineas

53 1920 362 1968 longum.Affine
375 1921 425 1957 A.
439 1920 671 1968 pameulato
687 1923 726 1956 et
745 1922 963 1968 praesertim
975 1921 1022 1958 Α.
1037 1922 1245 1968 tenuifloro
1255 1923 1352 1959 Ten.
1365 1925 1470 1968 (meo
1481 1933 1597 1960 sensu
1611 1924 1662 1960 ab
1677 1935 1761 1961 om-

54 1968 170 2005 nibus
188 1969 234 2006 A.
248 1968 471 2016 paniculati
493 1968 630 2004 formis
644 1969 838 2015 perigonii
857 1970 986 2015 magis
1004 1969 1208 2015 cyliadrici
1253 1970 1376 2017 hyllis
1395 1972 1575 2017 acutatis,
1596 1974 1666 2008 etc.
1681 1972 1762 2008 dis-

54 2015 204 2063 tincto),
215 2015 265 2052 ab
277 2017 333 2052 eis
345 2016 478 2052 differt
487 2015 582 2052 ssore
591 2016 706 2051 tertia.
726 2019 836 2062 parte
851 2016 991 2052 saltem
1005 2016 1194 2064 longiore,
1242 2018 1427 2053 lamentis
1440 2021 1550 2065 parte
1567 2019 1755 2056 inferiore

54 2062 178 2117 magis
195 2063 381 2099 dilatatis.
402 2063 536 2099 Facies
555 2063 604 2098 A.
633 2062 903 2100 callzmz'sehon
939 2064 1043 2100 Link
1069 2064 1211 2113 spatha
1241 2065 1431 2112 univalvi‚
1465 2065 1616 2113 phyllis
1652 2069 1756 2114 peri-

53 2110 375 2158 gonsttruncasts,
395 2112 482 2155 etc„
502 2112 687 2146 caeterum
705 2111 981 2148 diversissimi.

116 2227 186 2269 71.
214 2224 272 2270 A.
295 2225 708 2281 paniculatum
732 2224 798 2281 (L.
825 2226 899 2280 Sp.
927 2227 1013 2270 428
1039 2239 1126 2270 non
1148 2227 1198 2269 D.
1224 2226 1290 2284 C.)
1308 2227 1430 2272 bulbi
1453 2230 1572 2272 ovati
1600 2230 1760 2273 tunicis

56 2284 347 2328 exterioribus
369 2285 711 2327 membranaceis
735 2284 803 2327 vel
830 2287 1143 2340 pergamaceis‚
1165 2299 1295 2342 scapo
1320 2288 1450 2330 tereti
1477 2290 1590 2332 elato
1614 2290 1667 2332 ad
1695 2290 1760 2332 vel

57 2355 187 2398 supra
214 2343 402 2386 medium
441 2344 599 2391 foliata,
624 2344 737 2386 foliis
763 2349 947 2397 anguste
980 2345 1219 2389 linearibus
1249 2347 1574 2391 semiteretibus
1611 2349 1760 2392 ferclis

57 2402 122 2446 vel
149 2402 359 2446 fistulosis
376 2403 544 2447 inferne
570 2403 880 2457 canaliculafia
899 2405 1064 2458 spathae
1086 2406 1225 2447 valvis
1251 2407 1363 2449 binis
1387 2419 1410 2448 a
1435 2407 1527 2449 basi
1554 2408 1759 2462 oblongo-

57 2461 242 2516 elliptica
281 2462 324 2504 in
350 2461 528 2504 caudam
557 2463 787 2505 umbellam
808 2467 1052 2516 aequantem
1083 2465 1149 2507 vel
1174 2465 1336 2518 saepius
1360 2467 1410 2507 ea
1434 2467 1570 2509 multo
1597 2467 1762 2522 longio-

61 2531 149 2562 rem
173 2521 449 2571 abeuntibus‚
475 2521 672 2563 umbellae
700 2521 871 2564 diffusce
889 2523 1135 2566 multillorze
1160 2524 1382 2577 pedicellis
1407 2525 1614 2568 tenuibus
1636 2527 1762 2569 valde

61 2578 347 2633 inaequalibus
379 2583 480 2623 aute
514 2580 710 2623 antliesin
747 2581 1005 2624 nutantibus
1043 2584 1265 2636 perigonio
1293 2584 1460 2637 pluries
1492 2585 1760 2639 longioribus

62 2636 149 2681 basi
176 2638 461 2687 bracteolatis,
500 2639 708 2693 pei-igonii
740 2639 825 2682 albi
857 2640 1154 2684 albo-virentis
1185 2643 1329 2684 carnei
1366 2644 1433 2685 vel
1478 2645 1592 2686 rosei
1633 2640 1764 2688 obeo-⁷

61 2695 461 2752 nico-campanulati
492 2699 651 2752 phyllis
678 2699 1013 2742 conniventibus
1043 2700 1125 2743 late
1162 2700 1609 2754 oblongo-linearibus
1633 2705 1759 2748 obtu-

61 2754 120 2796 sis
155 2756 375 2799 interdum
399 2757 641 2811 apiculatis,
672 2757 904 2800 filamentis
931 2759 1152 2812 perigonio
1178 2760 1518 2815 subaequilongis
1543 2763 1758 2807 subulatis

60 2812 173 2856 inter
195 2827 240 2857 se
263 2818 418 2857 etcum
445 2816 665 2870 perigonio
686 2816 878 2859 breviter
905 2818 1069 2861 coalitis
1087 2819 1272 2862 sinubus
1291 2820 1510 2864 edentulis
1528 2822 1594 2863 vel
1612 2824 1757 2867 rarius

61 2870 274 2916 denticulo
298 2876 448 2926 auctis,
477 2876 652 2928 capsula
675 2875 929 2929 ellipsoidea
955 2876 1045 2919 basi
1088 2880 1324 2931 attenuata,
1352 2881 1465 2931 stylo
1485 2884 1660 2923 exserto
1702 2889 1757 2930 26.

65 2928 117 2972 lc.
148 2931 209 2974 Fl.
242 2931 376 2976 Graec.
414 2934 497 2976 tab.
533 2935 631 2976 318.
662 2956 718 2965 -
754 2934 804 2976 Α.
841 2935 1150 2978 intermedium
1189 2936 1239 2978 D.
1272 2937 1318 2979 C.
1362 2937 1492 2981 Rchb.
1527 2939 1579 2982 Ic.
1613 2939 1758 2982 Germ.

71 2988 187 3033 1065.
211 3014 269 3023 —
304 2993 353 3034 Α.
373 2991 635 3045 praecissum
658 2993 792 3036 Rchb.
832 2992 975 3037 Germ.
1002 2994 1070 3049 lig.
1111 2996 1232 3038 1066.
1261 3018 1310 3027 -
1339 2997 1388 3038 A.
1424 2997 1756 3052 lonye'spatlzwn
