2062 3314
237 170 308 206 454
972 177 1196 204 GRAmNEAE
1657 166 1906 206 saccharum
1915 195 1925 205 .

238 252 513 357 glumellaet
538 250 662 305 palea
688 251 848 305 glumis
871 251 947 294 vix
971 251 1251 295 brevioribus
1265 250 1430 294 teneris
1456 250 1713 294 acuminatis
1738 254 1936 308 margine

239 311 394 354 ciliatis
484 343 491 351 .

291 383 394 420 Hab.
418 383 469 419 ad
488 382 618 419 Schah
640 382 821 419 Bilawul
840 383 1062 430 Affghaniae
1084 383 1213 428 (Griff.
1232 393 1314 419 exs.
1330 382 1448 427 5071).

288 448 481 485 Panicula
502 449 543 484 in
561 449 776 494 specimine
796 459 884 484 meo
906 449 1174 496 10-p011icaris
1206 448 1279 484 illa
1307 447 1346 484 S.
1372 446 1469 484 Sari
1496 448 1624 484 multo
1657 450 1823 486 macrior
1844 451 1936 497 pilis

241 496 367 532 multo
387 496 520 531 minus
541 496 713 541 copiosis
733 498 771 530 et
789 496 1041 532 brevioribus
1062 496 1203 540 obsita,
1223 495 1367 531 ramuli
1391 494 1523 531 laxius
1541 495 1768 542 spiculiferi,
1790 497 1936 543 glumae

241 543 399 625 parcius
421 545 458 578 et
481 542 644 578 brevius
676 543 840 578 hirsutae
874 545 998 579 multo
1027 544 1222 579 acutiores
1249 545 1286 578 et
1310 541 1512 588 longiores
1536 542 1559 577 3
1589 543 1631 588 11.
1658 554 1729 580 nec
1757 544 1780 579 2
1808 544 1936 581 lineas

259 599 384 635 ongae.

305 693 342 733 3.
385 691 434 735 S.
456 691 874 747 AEqyptiacum
911 691 1078 745 (Willd.
1114 692 1269 734 Enum.
1304 690 1384 745 82)
1418 702 1610 744 perenne
1649 693 1937 746 caespitosum‚

243 750 398 793 culmis
427 751 552 792 elatis
576 751 791 793 teretibus
816 750 963 793 sarctis
993 763 1184 805 superne
1206 750 1419 804 adpresse
1446 751 1638 803 sericeis,
1670 752 1781 793 foliis
1817 753 1937 805 glau-

244 809 517 853 cescentibus
540 810 752 860 elongatis
780 810 931 862 rigidis
959 810 1198 852 linearibus
1226 809 1485 852 acuminatis
1513 810 1812 853 canaliculatis
1836 812 1938 854 sub-

244 873 317 911 tus
336 869 540 911 carinatis
563 880 698 910 nervo
722 868 963 911 incrassato
994 870 1186 922 margine
1222 867 1466 921 serrulatis,
1492 868 1700 922 paniculae
1731 870 1937 913 ramosis·

244 927 365 969 simae
407 928 616 981 elongatae
667 927 913 970 lanceolatae
962 928 1095 969 ramis
1144 927 1351 970 tenuibus
1384 929 1710 982 erecto-patulis
1755 929 1937 972 ramulis

243 985 498 1039 racliidiqne
533 986 656 1038 longe
699 986 1072 1037 villoso-sericeis,
1104 986 1282 1040 spiculis
1320 986 1414 1028 basi
1451 986 1611 1029 annulo
1650 987 1838 1040 pilorum
1873 988 1937 1031 eis

246 1045 378 1098 duplo
437 1044 678 1098 longiorum
731 1045 1034 1097 involucratis‚
1091 1046 1250 1098 glumis
1306 1044 1463 1098 pallide
1513 1047 1936 1099 purpurascentibus

246 1103 707 1156 oblongo-lanceolatis
751 1105 1007 1146 acuminatis
1060 1105 1252 1157 margine
1295 1104 1419 1157 longe
1451 1104 1617 1150 ciliatis,
1648 1105 1853 1157 glumella
1895 1109 1938 1149 et

250 1163 373 1216 palea
408 1163 556 1215 gluma
599 1162 878 1204 brevioribus
922 1163 1101 1204 brevius
1145 1162 1299 1205 ciliatis
1355 1169 1414 1210 26.
1463 1161 1494 1204 S
1547 1161 1751 1215 biflorum
1789 1164 1937 1208 Forsk.

246 1221 396 1263 Descr.
421 1233 458 1274 p.
492 1222 556 1263 16.
585 1245 639 1250 —
662 1220 702 1263 S.
728 1224 1020 1273 spontaneum
1052 1221 1100 1263 L.
1128 1222 1258 1264 Mant.
1292 1223 1387 1264 183.

291 1294 394 1329 Hah.
416 1295 454 1329 in
478 1294 634 1340 Egypto
656 1296 736 1330 tota
758 1305 780 1329 a
798 1295 948 1330 Kahira
970 1295 1021 1330 ad
1042 1294 1218 1330 Nubiam
1237 1305 1362 1342 usque
1383 1295 1433 1330 ad
1450 1296 1558 1341 ripas
1575 1295 1655 1331 Nili
1677 1296 1715 1330 et
1735 1296 1774 1330 in
1797 1296 1939 1332 insulis

246 1341 424 1377 arenosis
445 1341 600 1383 (Forsk.
619 1341 718 1387 Del.,
739 1342 899 1377 Ehrenb
918 1343 925 1377 l
947 1345 1028 1386 etc.7
1049 1343 1151 1386 etc),
1173 1342 1289 1388 Syria
1310 1343 1472 1378 littorali
1500 1343 1549 1378 ad
1574 1352 1686 1387 sepes
1707 1343 1809 1378 circa.
1827 1343 1939 1379 Sido-

244 1399 336 1424 nem
355 1389 437 1432 (Blt
460 1387 612 1433 Gailll),
632 1388 844 1434 Afighania
863 1389 1026 1434 (Griff.)‚
1043 1390 1207 1424 Arabice
1226 1388 1334 1425 Bous
1351 1390 1385 1425 el
1407 1389 1561 1436 Gezayr
1574 1389 1638 1425 vel
1659 1388 1766 1426 Bous
1785 1390 1932 1438 Farsy.

292 1454 353 1488 Ar.
376 1453 507 1498 Geoqr.
530 1453 676 1496 Numa,
693 1453 924 1499 Abyssinia,
942 1453 1091 1488 Arabia
1112 1454 1274 1500 tropica,
1295 1454 1409 1490 India
1429 1453 1614 1500 borealis,
1635 1454 1780 1500 Sicilia,

292 1516 380 1553 Ohs.
402 1516 441 1553 S.
461 1517 719 1563 officinarum
738 1517 781 1553 L.
802 1517 844 1552 in
862 1517 1020 1564 Egypto
1046 1520 1189 1563 magna
1210 1518 1323 1565 copia
1345 1517 1504 1554 colitur.

550 1670 842 1720 ERIANTHUS
874 1671 1008 1732 (Rich.
1041 1671 1083 1719 in
1110 1672 1154 1719 P.
1182 1672 1231 1721 de
1260 1671 1302 1719 B.
1332 1673 1450 1734 Aur„
1483 1686 1521 1735 p.
1554 1670 1645 1734 Μ).

306 1805 491 1860 Spiculae
539 1807 581 1848 in
622 1807 817 1849 articulis
858 1808 1126 1849 ramulorum
1162 1808 1371 1861 paniculae
1410 1808 1716 1850 ramosissimae
1755 1808 1938 1861 geminae

246 1865 466 1908 interdum
504 1870 639 1908 ternae
681 1867 818 1908 altera
857 1866 1026 1908 sessilis
1057 1866 1193 1909 altera
1230 1867 1472 1921 (interdum
1511 1867 1643 1921 binae)
1673 1867 1936 1920 pedicelIata,

247 1936 399 1967 omnes
420 1924 585 1967 fertiles
616 1926 859 1968 conformes
880 1925 996 1967 villis
1025 1926 1308 1968 involucratae
1325 1927 1500 1968 bissorae.
1520 1924 1683 1969 Glumae
1700 1926 1811 1968 binae
1840 1926 1938 1969 sub-

246 1984 437 2037 aequales
454 1984 688 2026 chartaceae
708 1987 843 2026 acutae
862 1984 1054 2027 flosculis
1082 1984 1311 2037 longiores.
1338 1985 1565 2028 Flosculus
1581 1986 1761 2028 inferior
1784 1989 1939 2028 neuter

247 2042 452 2095 glumella
480 2043 605 2085 unica
633 2044 962 2085 membranacea
986 2043 1213 2086 flosculum
1249 2044 1652 2097 hermaphroditum
1690 2044 1941 2086 involvente

246 2104 290 2142 et
316 2112 367 2143 eo
392 2101 675 2154 sublongiore
697 2106 917 2144 constans.
941 2101 1126 2145 Flosculi
1152 2102 1495 2156 hermaphroditi
1522 2103 1724 2156 glumella
1748 2107 1790 2145 et
1816 2105 1936 2157 palea

247 2160 589 2202 membranaceae
612 2161 683 2202 illa
710 2165 831 2203 acuta
857 2161 899 2202 in
920 2161 1097 2204 aristam
1127 2162 1350 2213 producta,
1375 2163 1496 2215 palea
1519 2161 1696 2204 brevior
1720 2165 1762 2204 et
1783 2175 1940 2216 angus-

247 2219 332 2260 tior
367 2218 541 2262 mutica.
574 2219 824 2272 Squamulae
867 2220 1264 2263 ovato-lanceolatae
1297 2221 1472 2274 oblique
1495 2224 1719 2263 truncatae.
1747 2220 1939 2263 Stamina

249 2278 339 2319 2-3.
387 2277 498 2332 Styli
543 2278 632 2320 bini
680 2278 932 2322 termiriales
971 2279 1171 2332 elongati,
1215 2280 1413 2332 stigmata
1459 2281 1655 2333 plumosa
1707 2279 1941 2322 lateraliter

247 2348 381 2389 supra
406 2337 594 2379 medium
620 2337 849 2380 flosculum
882 2338 1161 2390 emergentia.
1196 2336 1432 2392 Caryopsis
1473 2339 1609 2381 libera
1642 2338 1823 2391 oblonga
1852 2338 1940 2380 hilo

247 2395 419 2437 basilari
449 2396 647 2449 oblongo.
678 2421 731 2427 —
756 2397 911 2438 Herbae
934 2397 1056 2438 elatae
1080 2398 1278 2450 panicula
1300 2398 1567 2450 amplissima
1609 2397 1803 2450 undique
1831 2397 1940 2440 seri-

245 2454 621 2508 ceo-pilosissima.
676 2479 726 2486 —
777 2454 925 2498 Genus
966 2455 1183 2498 Saccharo
1229 2457 1333 2498 facie
1380 2460 1422 2498 et
1457 2455 1780 2499 characteribus
1815 2456 1941 2499 valde

248 2512 377 2556 affine
413 2514 466 2556 ab
494 2526 544 2556 eo
577 2514 782 2567 glumella
826 2514 993 2556 flosculi
1033 2515 1374 2569 hermaphroditi
1418 2515 1461 2557 in
1511 2515 1687 2558 aristam
1732 2515 1942 2570 producta

251 2572 495 2625 praesertim
521 2573 786 2616 distinctum.

313 2692 353 2731 1.
380 2690 437 2732 E.
471 2691 773 2735 Ravennae
800 2691 869 2746 (L.
894 2691 965 2745 Sp.
997 2693 1100 2734 1481
1136 2692 1218 2735 sub
1246 2692 1565 2746 Andropoyon)
1595 2693 1816 2746 perennis,
1855 2694 1942 2736 cul·

249 2749 332 2791 mis
356 2749 480 2792 valde
503 2750 628 2792 elatis
652 2750 806 2792 validis
834 2751 1047 2794 teretibus
1075 2751 1236 2803 favetis,
1263 2752 1373 2794 foliis
1397 2752 1659 2794 radic-atibus
1689 2752 1824 2794 dense
1851 2764 1942 2795 ces-

251 2808 406 2861 pitosis
449 2809 657 2862 elongatis
702 2810 886 2852 caulinis
933 2810 1082 2863 paucis
1134 2811 1335 2853 omnibus
1382 2811 1466 2853 late
1509 2809 1745 2853 linearibus
1785 2811 1942 2854 canali-

252 2867 406 2909 culatis
461 2869 653 2920 margine
703 2868 1220 2929 serrulato-scaberrimis
1268 2881 1403 2911 nervo
1464 2869 1605 2911 medio
1654 2870 1736 2912 lato
1785 2870 1942 2915 albido‚

252 2925 420 2979 vaginis
448 2926 728 2970 inferioribus
758 2927 937 2979 villosis,
953 2928 1151 2981 panicula
1172 2929 1463 2971 ramosissima
1488 2928 1721 2971 lanceolata
1744 2929 1942 2982 elongata
