2062 3314
233 179 305 221 516
972 191 1198 222 (immunia
1723 184 1926 231 Ayrosttk.

296 269 334 310 7.
368 268 430 312 A.
460 263 831 311 trichoclada
863 266 1057 323 (Griseb.
1097 268 1141 310 in
1183 267 1343 310 Ledeb.
1382 266 1444 309 Fl.
1479 266 1606 310 Ross.
1640 267 1714 320 IV,
1742 281 1783 322 p.
1824 268 1931 326 439)

236 337 382 370 annua
412 326 564 380 glabra
599 338 716 379 saepe
754 326 1025 380 pluricaulis‚
1054 327 1199 370 radice
1232 326 1408 377 fibrosa‚
1434 325 1587 368 culmis
1619 327 1790 379 erectis,
1817 328 1931 371 foliis

232 382 596 430 lineari-setaceis
611 384 940 428 subconvolutis
962 386 1185 435 brevibus,
1200 385 1329 439 ligula
1347 384 1532 437 oblonga
1550 384 1703 436 lacera,
1721 386 1932 439 paniculae

232 440 328 487 basi
352 443 452 486 folio
477 454 685 497 supremo
707 443 900 486 suffultae
921 444 1114 498 oblongae
1137 444 1360 487 nebulosae
1387 443 1632 486 multiflorae
1650 444 1783 486 ramis
1805 445 1933 487 semi-

233 501 508 546 verticillatis
536 502 868 557 erecto-patulis
891 503 1161 546 trichotomis
1192 502 1505 557 pedicellisque
1545 503 1727 545 setaceis
1763 503 1933 546 laevius-

235 562 345 605 culis
368 561 489 615 apice
515 559 768 604 incrassatis
797 562 964 614 spicula
1004 562 1172 615 pluries
1206 560 1490 614 longioribus.
1513 560 1694 614 spiculis
1730 562 1934 613 minimis,

234 618 394 674 glumis
427 618 601 673 pallidis
628 619 884 674 aequilongis
906 620 1074 663 obtusis
1098 620 1297 669 laevibus,
1321 619 1525 673 glumella
1550 620 1671 673 palea
1706 623 1748 662 et
1773 621 1933 673 glumis

234 679 477 734 aequalibus
505 678 701 730 oblongis
724 678 893 721 obtusis
912 679 1086 722 muticis
1105 680 1187 722 snb
1213 680 1326 722 lente
1346 678 1488 720 valido
1513 679 1722 733 adpresse
1749 679 1934 722 birtellis

239 739 287 789 Θ
311 737 364 780 A.
387 735 616 789 capularis
638 735 746 779 Pall.
773 736 869 779 Ind.
898 736 1030 779 Taur.
1056 740 1098 780 et
1120 738 1238 781 M.B.
1265 736 1469 779 F1.Taur.
1492 737 1620 779 Cauc.
1643 737 1676 790 Ι,
1700 750 1743 791 p.
1766 739 1819 779 55
1845 750 1933 781 non

235 792 283 838 L.
306 820 366 828 —
386 795 438 838 A.
462 794 845 838 Biebersteiniana
872 795 1001 840 Claus
1025 795 1160 839 Beitr.
1181 796 1311 839 Russ.
1336 796 1483 839 Reicb.
1509 795 1622 838 Vin.

280 884 382 922 Hab.
401 887 443 921 in
459 884 702 932 planitiebus
716 883 767 920 ad
786 885 938 922 radices
956 886 1285 933 septentrionales
1313 887 1478 923 Caucasi
1499 886 1569 931 (M.
1592 886 1667 932 R).

293 969 338 1022 β.
360 968 567 1013 Pisidica.
593 991 651 999 --
675 965 844 1010 Glumae
865 968 1185 1022 aliquantulum
1219 969 1436 1022 longiores
1471 971 1515 1010 et
1545 968 1774 1011 acutiores.
1801 992 1860 999 —
1882 968 1934 1014 A.

235 1025 432 1070 Pisidica
454 1028 595 1070 Boiss.
627 1026 671 1069 in
695 1026 842 1071 Tchib.
862 1026 936 1072 As.
965 1028 1066 1070 Min.
1094 1028 1191 1070 Bot.
1218 1027 1272 1081 ΙΙ,
1297 1040 1338 1084 p.
1366 1028 1465 1081 625,
1490 1027 1574 1072 tab.
1599 1028 1668 1073 43.

282 1117 384 1156 Hah.
403 1121 442 1155 in
464 1118 613 1154 Pisidia
639 1118 738 1153 inter
757 1117 950 1154 Tchukur
967 1120 1006 1154 et
1020 1118 1243 1165 Ahyrkieui
1260 1118 1309 1154 ad
1329 1118 1618 1155 extremitatem
1635 1117 1935 1154 meridionalem

236 1162 344 1203 lacas
362 1166 517 1213 Egirdir
536 1165 734 1210 (Tchihl).

283 1236 549 1283 Semipedalis
568 1238 606 1273 et
623 1236 787 1284 pedalis.
806 1236 945 1272 Facies
964 1237 1128 1273 omnino
1146 1238 1194 1273 A
1211 1237 1417 1284 capillaria
1437 1239 1475 1274 et
1488 1238 1539 1273 A.
1558 1235 1750 1273 nebulosae
1767 1236 1937 1283 (species

235 1281 465 1332 Hispanicae
497 1286 598 1320 inter
618 1295 660 1320 se
687 1285 820 1319 forsan
849 1294 930 1319 non
956 1285 1017 1320 sat
1045 1284 1272 1331 distinctae),
1301 1285 1441 1320 eadem
1472 1284 1713 1331 spicularum
1733 1284 1934 1328 minuties,

235 1329 357 1368 iidem
372 1332 552 1379 pedicelli
574 1332 746 1377 elongati
766 1331 990 1366 tenuissimi
1020 1331 1089 1366 sed
1116 1332 1158 1367 in
1185 1332 1240 1368 eis
1267 1331 1459 1378 glumella
1484 1335 1522 1367 et
1552 1332 1665 1377 palea
1693 1331 1810 1366 valde
1838 1332 1935 1366 inae-

237 1379 386 1427 quales,
406 1379 476 1414 illa
493 1381 674 1416 truncata
693 1378 840 1424 glumis
861 1377 986 1415 multo
1007 1378 1165 1416 brevior
1185 1381 1223 1415 et
1240 1379 1356 1425 palea
1374 1378 1496 1426 duplo
1523 1379 1689 1425 longior.

240 1570 362 1618 Sscr.
389 1574 442 1620 ΙΙ.
468 1572 839 1620 TRICHODIUM.
863 1597 922 1606 -
946 1574 1084 1676 Paleiil
1098 1575 1229 1619 nulla.
1249 1575 1564 1618 Rudimentum
1600 1574 1724 1617 floris
1758 1573 1939 1616 secundi

990 1646 1049 1677 nu
1093 1647 1177 1680 um.

299 1785 339 1827 8.
366 1781 428 1827 A.
461 1782 678 1824 canina
702 1780 771 1835 (L.
804 1779 877 1833 Sp.
901 1780 975 1832 92)
1002 1780 1212 1834 perennis
1249 1780 1479 1834 cespitosa‚
1504 1780 1648 1822 radice
1682 1780 1842 1823 fibrosa
1867 1780 1939 1822 vix

239 1840 507 1890 stolonifera‚
548 1839 703 1883 culmis
737 1839 975 1893 gracilibus
1007 1840 1163 1881 erectis
1207 1840 1274 1882 vel
1323 1838 1940 1892 geniculato-ascendentibus,

235 1900 354 1945 foliis
388 1900 653 1942 radicalibus
692 1898 1169 1951 complicato-setaceis,
1196 1898 1379 1941 culmeiS
1407 1898 1548 1951 planis
1564 1899 1779 1952 angustis,
1807 1899 1940 1952 ligula

237 1960 585 2010 ovato-oblonga,
612 1957 809 2011 panicula
834 1956 1003 2000 rubellzi
1032 1960 1158 2000 ovata
1181 1957 1340 1999 diffusa
1362 1960 1461 2010 post
1483 1957 1682 1999 anthesin
1706 1959 1940 2010 contracta,

236 2019 372 2062 ramis
417 2018 730 2072 pedicellisque
766 2016 946 2067 scabris,
980 2015 1138 2069 glumis
1178 2016 1471 2069 inaequalibus
1515 2017 1761 2058 lanceolatis
1801 2015 1941 2058 acutis

237 2078 387 2121 carina
411 2077 592 2129 scabris,
610 2075 815 2129 glumella
830 2075 990 2128 glumis
1014 2077 1171 2128 quarta
1199 2078 1322 2128 parte
1345 2074 1547 2117 breviore
1565 2087 1722 2118 versus
1748 2075 1940 2117 medium

238 2135 420 2180 dorsum
437 2136 571 2178 arista
585 2134 828 2188 geniculata
849 2134 1019 2187 glumas
1044 2133 1370 2187 subsuperante
1390 2136 1516 2176 aucta
1536 2133 1759 2176 interdum
1781 2134 1940 2177 mutina

244 2194 310 2243 Di.
330 2196 466 2238 Rchb.
488 2194 635 2239 Germ.
657 2193 727 2247 sig.
753 2193 846 2237 128.
868 2216 922 2223 —-
944 2191 1224 2234 Trielzodefmn
1246 2191 1455 2234 caninum
1478 2192 1655 2238 Schrad.

285 2277 388 2315 Hab.
412 2279 453 2313 in
481 2277 604 2324 pratis
641 2275 678 2311 et
705 2274 910 2320 sylvaticis
940 2274 1130 2321 humidis,
1156 2275 1309 2310 Graecia
1342 2275 1383 2309 in
1415 2274 1574 2320 regione
1611 2275 1789 2310 abietina
1818 2284 1941 2320 supra

240 2322 447 2371 Carpenisi
482 2323 713 2368 Eurytaniae
743 2322 863 2365 (Sam.
895 2324 933 2356 et
960 2322 1102 2357 Guicc!
1140 2323 1264 2357 forma
1297 2322 1474 2367 mutioa),
1510 2322 1618 2367 regio
1651 2322 1864 2357 Caueasica
1897 2321 1937 2356 in

236 2371 382 2419 alpinis
400 2372 545 2407 montis
566 2369 726 2407 Kasbek
748 2370 810 2414 (C.
836 2369 981 2413 Koch),
1009 2369 1134 2405 Guria
1168 2369 1380 2415 (Nor-dm),
1409 2369 1616 2404 montibus
1650 2368 1936 2415 Daghestaniae

238 2416 472 2457 &ow-660&
504 2419 690 2464 (Ruprl).

297 2505 342 2559 β.
381 2503 632 2556 tenuifolz’aez,
673 2526 722 2532 —-
761 2502 879 2544 Folia
909 2503 1039 2545 etiam
1075 2502 1243 2544 culmea
1276 2500 1712 2551 setaceo—convoluta‚
1746 2499 1943 2552 panicula

238 2564 414 2619 pallida,
437 2563 646 2618 glumella
672 2561 845 2607 mutica.
869 2585 921 2592 —
947 2561 985 2603 A
1009 2559 1247 2612 tenuifolia
1272 2559 1323 2605 M.
1350 2559 1397 2604 B.
1430 2560 1561 2604 Taur.
1596 2558 1721 2604 Cane.
1746 2560 1776 2601 Ι.
1806 2571 1845 2612 p.
1873 2559 1941 2602 56.

238 2643 296 2653 —
321 2624 442 2668 TrIn.
466 2622 611 2667 Gram.
637 2622 705 2666 35.

286 2713 391 2750 Hal).
413 2715 453 2750 in
477 2716 611 2749 monte
638 2711 835 2748 Beschtau
856 2711 1025 2747 Caucasi
1047 2709 1364 2757 septentrionalis
1393 2719 1515 2756 prope
1556 2719 1741 2745 cacumen
1769 2708 1939 2752 (Stev1)·

240 2758 299 2799 Ne
337 2762 549 2797 minimum
586 2759 747 2805 quidem
782 2758 992 2793 discrimen
1027 2758 1128 2793 inter
1170 2757 1287 2803 hujus
1318 2759 1356 2792 et
1397 2757 1531 2792 fornice
1566 2757 1706 2802 typicae
1735 2755 1870 2799 ssores;
1903 2756 1944 2790 in

240 2810 456 2856 specimine
475 2807 639 2843 floribus
662 2805 824 2851 pallidis
848 2806 1082 2841 Germanico
1110 2804 1157 2840 A.
1179 2805 1335 2841 camme
1362 2803 1503 2848 (Rchb.
1532 2804 1588 2839 Fl.
1624 2813 1702 2838 exs.
1730 2803 1816 2845 107.)
1847 2802 1944 2837 folia

242 2855 399 2892 culmea
424 2865 580 2901 quoque
602 2855 766 2898 anguste
789 2852 1001 2887 convoluta
1020 2852 1146 2887 video.
1170 2852 1230 2887 Ex
1252 2851 1527 2887 iziebers-teinn
1548 2850 1807 2896 descriptione
1829 2849 1942 2896 palea

243 2902 412 2939 minima
438 2902 547 2938 adest
567 2901 637 2937 sed
663 2901 704 2935 in
724 2899 1010 2946 speciminibus
1030 2899 1172 2946 typicis
1190 2898 1344 2934 nullam
1365 2898 1501 2933 video.
