2089 3246
115 253 406 294 Dracunculus.
884 261 1058 289 ARACEAE
1787 250 1838 287 43

179 339 214 379 1.
254 337 314 380 D.
338 332 616 390 vulgaris
644 331 816 388 (Scliott
838 332 982 376 Melet.
1018 333 1051 376 1.
1086 331 1159 388 17)
1198 332 1354 375 tubere
1393 343 1539 375 crasso
1577 332 1831 384 rotundato,

116 397 316 440 soliorum
332 394 502 449 petiolis
517 392 811 446 pedunculum
826 392 890 436 eis
909 393 1147 446 longiorem
1168 391 1337 445 vaginis
1352 394 1468 433 arcte
1480 391 1835 445 amplexantibus

115 456 284 500 caulem
317 452 628 496 simulantibus
650 451 704 493 ad
735 449 916 505 vaginas
943 450 1183 502 maculatis,
1209 450 1367 492 lamina
1400 450 1665 504 pedatisecta
1691 451 1834 505 ampla

113 520 369 557 transverse
386 512 536 554 latiore
555 511 794 562 segmentis
818 512 951 553 11-15
977 523 1093 564 saepe
1114 509 1289 564 oblique
1311 509 1605 551 albo-lineatis
1630 508 1835 562 oblongo-

118 572 369 617 lanceolatis
418 569 758 614 decurrentibus
809 569 951 613 medio
1006 570 1172 616 latiore,
1217 568 1384 622 spathae
1431 567 1535 610 tubo
1583 568 1834 610 ventricoso

117 633 275 675 lamina
297 631 479 683 oblonga
500 629 566 670 vel
591 629 826 671 lanceolata
848 629 1093 672 acuminata
1114 629 1439 682 atropurpurea
1458 628 1594 669 multo
1615 627 1833 677 breviore,

114 691 305 745 spadicis
328 688 571 744 appendice
595 688 919 741 atropurpurea
946 699 969 729 e
993 688 1140 742 stipite
1165 686 1365 729 tenuiore
1392 687 1555 729 faucem
1581 685 1674 728 tubi
1703 698 1814 739 supe

115 754 240 793 rante
282 750 325 792 in
368 750 534 792 clavam
578 747 820 800 elongatam
863 747 1029 800 spatliae
1074 758 1191 799 saepe
1239 746 1526 799 aequilongam
1572 745 1832 794 incrassata,

113 809 443 852 inflorescenti'a
461 807 652 848 mascula
676 810 718 848 et
740 806 926 849 feminea
944 805 1300 859 subaequilongis,
1324 804 1588 858 genitalibus
1603 803 1831 846 sterilibus

113 881 248 922 supra
292 867 496 910 antheras
541 866 691 919 paucis
731 865 891 907 conicis
929 865 1152 908 interdum
1192 865 1327 906 nullis
1380 870 1415 910 26
1438 894 1448 904 .
1491 863 1640 906 Schott
1680 863 1833 905 Aroid.

116 927 200 970 tab.
226 928 280 970 23
308 933 350 971 et
387 927 457 968 24.
498 949 556 954 -—
590 925 734 966 Arum
758 923 1070 966 Dracumulus
1111 922 1159 964 L.
1184 922 1256 976 Sp.
1287 924 1412 965 1367.
1441 946 1497 954 -
1522 922 1577 965 Ic.
1601 921 1664 964 Fl.
1694 920 1831 964 Graec.

114 987 200 1029 tab.
226 987 327 1028 946.
355 1010 408 1016 —
438 982 872 1036 D1·ac.pol;splmllus
897 984 944 1026 C.
974 982 1109 1026 Bauh.
1135 1006 1191 1014 —
1215 982 1354 1024 Rclib.
1382 982 1438 1024 Ic.
1464 982 1610 1024 Germ.
1644 981 1728 1024 tab.
1757 983 1827 1023 12.

114 1070 170 1076 —
194 1046 272 1088 Dr.
297 1044 490 1088 Cretz‘cus
525 1043 672 1086 Seliott
696 1041 851 1085 Prodr.
895 1044 992 1085 120.

163 1128 265 1164 Hab.
284 1128 324 1163 in
344 1126 544 1163 umbrosis
563 1126 701 1161 Atticae
724 1125 882 1171 (Sprunl
903 1124 1076 1170 Heldrl).
1096 1125 1255 1160 Baeotia:
1293 1123 1458 1170 (Engl.),
1485 1123 1631 1159 Eulieae
1662 1121 1786 1167 (Beck
1800 1124 1828 1167 l)

120 1176 240 1212 Lesbi
259 1175 372 1218 (Post
387 1176 427 1219 l),
446 1174 689 1209 Macedoniae
719 1173 885 1218 (Frivt)‚
908 1173 1089 1218 Byzantii
1104 1172 1300 1216 (Min-ms),
1322 1171 1461 1217 Lydiae
1479 1171 1662 1216 (Boissl),
1688 1172 1827 1215 Cretae,

118 1223 230 1268 (Sieb
244 1224 281 1268 l),
301 1222 431 1258 Rhodi
451 1222 648 1267 (Bourgt)‚
666 1221 798 1265 Lyciae
817 1224 854 1256 et
879 1220 1128 1267 Pamphyliae
1147 1220 1298 1264 (Bourg
1313 1220 1354 1264 t).

162 1286 300 1321 Variat
347 1284 591 1321 macularum
611 1283 660 1318 ad
679 1283 845 1329 vaginas
863 1283 1123 1330 dispositione
1144 1285 1181 1318 et
1206 1282 1343 1326 forma,
1364 1281 1592 1328 appendicis
1630 1291 1718 1316 cum
1746 1281 1833 1326 ejus

110 1334 247 1380 stipite
275 1335 313 1369 et
331 1343 421 1369 cum
441 1332 584 1379 spatha.
614 1331 891 1378 proportione,
912 1331 1053 1377 spatha
1073 1329 1272 1365 interdurn
1294 1329 1586 1376 sesquipedalis
1605 1331 1642 1364 et
1661 1328 1831 1374 longior.

160 1397 223 1433 Ar.
244 1397 377 1442 Geogr.
400 1395 609 1432 Lusitania
628 1394 847 1439 australis?,
865 1394 1000 1430 Gallia
1018 1393 1217 1435 australis,
1234 1392 1359 1437 Italia,
1378 1392 1595 1438 Dalmatia,
1610 1391 1782 1428 Croatia.

508 1529 747 1580 luusAEm
785 1528 925 1592 (nari.
965 1529 1024 1577 n.
1064 1527 1196 1586 1831,
1237 1543 1278 1591 p.
1319 1526 1436 1590 458).

174 1668 325 1711 Flores
360 1667 484 1710 dioici
517 1668 584 1709 vel
614 1666 815 1709 monoici.
850 1666 1024 1720 Spathae
1048 1666 1182 1709 tubus
1206 1666 1467 1708 convolutus
1496 1665 1616 1708 fauce
1647 1664 1831 1719 amplia-

117 1732 202 1781 tus,
233 1727 389 1769 lamina
416 1727 637 1770 fornicata.
662 1726 824 1780 Spadix
851 1727 961 1769 liber
991 1726 1055 1768 vel
1090 1726 1202 1768 alius
1224 1725 1437 1768 semineus
1463 1729 1505 1767 et
1530 1724 1642 1767 alius
1665 1735 1833 1767 maseu-

118 1789 187 1829 lus
210 1787 278 1829 vel
305 1786 607 1840 androgynus,
631 1786 673 1828 in
694 1785 978 1839 appendicem
1004 1785 1167 1827 variam
1189 1796 1305 1838 saepe
1325 1784 1449 1827 valde
1465 1785 1706 1837 elongatam
1732 1795 1836 1838 pro-

117 1846 292 1890 ductus.
317 1846 436 1888 Fam.
467 1845 620 1888 Flores
646 1845 866 1887 ‘2-5andri
893 1845 1074 1888 sessiles
1102 1845 1168 1886 vel
1195 1844 1392 1898 stipitati,
1427 1844 1621 1886 antherae
1652 1854 1835 1885 connec-

117 1907 256 1948 tivum
286 1906 604 1957 indistinctum,
627 1905 765 1948 thecae
790 1916 898 1958 poro
925 1904 993 1947 vel
1022 1904 1130 1946 rima
1155 1903 1446 1946 dehiscentes.
1469 1903 1584 1945 Fem.
1621 1901 1832 1944 Ovarium

119 1965 389 2007 uniloculare
429 1965 548 2007 intus
577 1964 618 2006 in
646 1963 769 2017 apice
807 1964 1006 2007 cavitatis
1034 1975 1242 2016 processu
1271 1962 1583 2016 spongiolifero
1602 1962 1836 2015 praeditum

117 2027 293 2066 ovatum
318 2024 359 2065 in
386 2024 548 2076 stylum
574 2023 763 2065 brevem
792 2026 1080 2076 attenuatum,
1118 2022 1250 2064 ovula
1296 2023 1366 2064 1-9
1402 2021 1656 2075 ortbotropa
1691 2024 1836 2063 erecta

119 2083 327 2137 placentae
350 2082 528 2125 basilari
554 2083 699 2125 affixa.
728 2081 993 2125 Staminodia
1019 2082 1217 2123 abortiva
1243 2081 1444 2124 subulata
1468 2081 1511 2122 in
1541 2082 1688 2133 planta
1711 2079 1835 2123 lemi-

118 2144 197 2184 nea
223 2154 359 2195 supra
385 2143 549 2184 ovaria.
567 2141 700 2184 Bacca
726 2142 1033 2195 oligosperma,
1060 2141 1227 2183 semina
1261 2140 1684 2194 sphaeroideo-ovata
1714 2139 1836 2193 apice

117 2200 364 2244 subconica.
389 2225 446 2231 —
469 2200 627 2243 Herbae
650 2200 868 2244 tuberosae
891 2201 1005 2243 foliis
1030 2200 1277 2253 synanthiis
1296 2199 1529 2253 tripartitis
1547 2198 1615 2240 vel
1633 2198 1837 2249 trisectis,

118 2261 185 2303 vel
203 2260 496 2314 pedatisectis.

179 2356 217 2397 1.
251 2353 315 2397 A.
343 2352 766 2397 abbreviatum
789 2352 960 2408 (Schott
982 2351 1332 2395 OEsterr.Wocli.
1354 2352 1462 2394 1857
1489 2364 1527 2405 p.
1545 2352 1651 2405 382)
1679 2350 1837 2394 tubere

120 2414 326 2464 rotundo,
352 2413 468 2455 soliis
492 2412 605 2456 binis
629 2413 754 2466 longe
778 2412 995 2467 petiolatis
1011 2412 1288 2466 pedatisectis
1307 2411 1544 2464 segmentis
1563 2411 1662 2452 9-11
1689 2413 1837 2452 ovato-

114 2472 319 2526 oblongis
342 2473 411 2515 vel
438 2472 690 2515 lanceolatis
713 2472 971 2515 acuminatis
996 2472 1086 2515 basi
1111 2472 1294 2513 connata
1317 2470 1562 2516 sessilibus.
1587 2469 1835 2524 pedunculo

120 2532 305 2586 petiolos
333 2531 676 2585 subsuperante‚
716 2530 897 2586 spathae
917 2531 1066 2573 brevis
1112 2530 1215 2572 tubo
1259 2530 1440 2572 ovoideo
1476 2530 1634 2571 lamina
1671 2528 1837 2582 cymbi-

126 2591 250 2633 formi
274 2590 521 2633 acuminata
541 2590 643 2632 tubo
657 2590 937 2644 sublongiore
958 2592 1085 2633 ovata
1107 2590 1177 2632 vix
1195 2589 1378 2632 incurva
1398 2588 1640 2642 cuspidata,
1659 2587 1836 2641 spadice

116 2650 380 2704 plerumque
404 2649 673 2704 androgyna,
699 2649 940 2704 appendice
964 2648 1289 2692 inflorescentia
1311 2648 1502 2690 mascula
1519 2647 1722 2690 breviore
1748 2658 1834 2689 non

120 2709 312 2763 stipitata
337 2708 500 2751 sensim
530 2708 772 2752 incrassata
796 2709 916 2762 apice
942 2711 1149 2751 truncata
1177 2707 1374 2761 spatham
1412 2707 1482 2748 vix
1512 2709 1750 2761 superante
1775 2711 1836 2752 36.

165 2782 268 2818 Hah.
289 2783 329 2818 in
349 2783 505 2818 saxosis
524 2782 664 2818 calidis
682 2782 800 2818 valli:
818 2783 970 2818 liuram
1002 2782 1228 2828 Affghaniae
1247 2781 1296 2817 ad
1314 2781 1444 2817 rivum
1468 2780 1659 2817 Shendtoi
1689 2778 1838 2816 6-7000’

122 2830 255 2866 Aitch.
281 2830 420 2866 Journ.
442 2829 554 2865 Linn.
575 2829 659 2865 Soc.
679 2829 772 2865 1880
790 2840 827 2876 p.
852 2830 914 2874 99)
933 2830 1023 2866 Non
1044 2830 1142 2864 vidi.

167 2892 305 2929 Petioli
322 2891 636 2975 6-12-Hollicares
656 2892 734 2928 alte
753 2892 941 2938 vaginati,
964 2895 1168 2938 segmenta
1185 2891 1419 2928 intermedia
1436 2890 1683 2940 2-3-pollices
1703 2890 1838 2938 longa,

118 2940 260 2986 spatha
287 2940 420 2987 1-2-p0
458 2940 581 2984 icaris‚
603 2939 802 2986 appendix
819 2940 842 2976 3
870 2940 996 2976 lineas
1027 2943 1182 2976 tantum
1198 2939 1329 2986 longa.

166 3006 230 3041 Ar.
248 3006 383 3051 Geoqr.
412 3005 535 3052 Regio
555 3004 790 3042 Himalaica.
