2089 3246
120 241 408 289 Nephrodium.
904 249 1058 276 vineias
1757 240 1828 277 739

124 335 198 366 res
225 322 504 377 pinnularum
534 320 612 363 soli
635 321 841 369 distincti,
860 321 1005 363 caeteri
1029 319 1204 362 rachide
1230 321 1313 363 lala
1349 319 1636 364 confluentes.
1674 345 1726 352 —
1774 323 1823 362 A.

120 382 402 435 spinellos-uin
431 382 497 423 W.
522 380 592 433 Sp.
621 383 659 426 5,
679 394 717 434 p.
741 381 838 423 262.
865 402 926 411 —
953 379 1007 423 Ic.
1032 380 1094 422 Fl.
1129 379 1234 421 Dan.
1267 381 1363 421 707.
1397 404 1443 410 —
1479 379 1604 422 Sclik.
1635 380 1722 423 tab.
1749 381 1820 422 48.

171 463 274 499 Hah.
302 464 340 498 in
377 463 501 508 sylvis
529 464 725 498 montanis
760 467 797 498 et
827 462 984 508 alpinis,
1019 472 1132 497 mons
1169 462 1352 497 Peristeri
1396 462 1638 498 Macedoniae
1673 463 1820 499 6-7000·

117 510 253 557 (Orpli
270 512 307 556 l),
328 511 476 547 Pontus
500 510 664 546 Lazicus
687 510 739 545 ad
760 510 897 556 Djiinil
915 509 1050 555 (13:111),
1070 509 1384 545 Transeunt-asia
1405 510 1596 554 (Ledeb.)⁸

181 585 225 639 β.
259 584 491 627 dilatatmn
532 584 662 627 Koch.
705 609 754 615 —
796 585 935 627 Frons
981 584 1105 627 latior
1138 583 1559 638 triangulari-ovata,
1597 589 1823 638 segmenta

125 645 404 698 pinnularum
434 644 655 698 supremis
678 644 872 699 exceptis
898 644 986 685 fere
1026 644 1169 685 omnia
1199 643 1397 686 distincta
1423 644 1596 686 rachide
1625 647 1820 696 angusta.

124 728 178 735 —
204 703 502 747 A.dilatatmn
531 702 595 743 W.
621 702 693 757 Sp.
719 703 767 753 V,
787 717 826 758 p.
854 703 952 745 263.
978 728 1034 733 —
1058 702 1114 744 Ic.
1138 702 1262 744 Scnk.
1289 703 1358 744 47.

171 787 272 823 Hab.
293 788 331 822 in
355 787 480 822 Ponto
501 787 641 822 Lazico
664 797 786 833 supra
809 785 1054 822 Kbabackar
1073 785 1163 821 Bal.

170 852 231 886 Ar.
247 852 378 896 Geoqr.
398 851 560 896 Europa
580 850 709 886 omnis
730 850 901 886 borealis
919 854 957 886 et
982 850 1114 885 media
1146 850 1196 885 ad
1228 849 1487 895 Lusitaniam,
1518 851 1755 899 Hispaniam
1788 856 1825 889 et

120 898 275 934 Italiam
296 898 487 933 nenti-ales
506 908 638 944 usque,
655 898 814 942 swina,
833 898 941 944 regio
963 897 1199 942 Himalaica,
1221 900 1401 933 America
1422 898 1611 935 borealis.

181 1018 220 1059 6.
239 1016 302 1059 Ν.
330 1016 720 1071 barbigerum
740 1016 985 1071 (Hook.Sp.
1013 1016 1131 1060 Filic.
1159 1015 1231 1065 lV,
1258 1029 1295 1070 p.
1317 1018 1419 1067 113)
1439 1019 1615 1062 caudice
1642 1019 1822 1063 robusto

123 1080 167 1117 ut
192 1081 235 1117 et
259 1075 435 1117 frondes
469 1076 666 1128 iuniores
706 1076 902 1131 squamis
942 1076 1192 1118 lanceolatis
1215 1076 1340 1118 ssavis
1368 1077 1518 1119 nitidis
1544 1079 1644 1131 pilis
1673 1080 1821 1121 aureis

119 1135 385 1177 intermixtis
423 1135 557 1177 dense
598 1135 775 1181 vestito,
805 1135 1030 1177 frondibus
1058 1136 1251 1188 proceris
1279 1136 1428 1188 stipite
1456 1137 1583 1190 longo
1614 1138 1749 1180 dense
1778 1145 1817 1180 et

123 1194 246 1247 longe
272 1206 661 1247 aureo-squamoso
681 1195 874 1237 suffultis
907 1196 989 1236 late
1021 1195 1370 1248 ovato-oblongis
1406 1196 1643 1250 bipiunatis
1673 1197 1817 1250 pinnis

120 1253 340 1307 primariis
366 1253 670 1306 subpetiolatis
698 1253 896 1305 oblongis
918 1253 1088 1296 obtusis
1118 1254 1333 1308 profunde
1360 1255 1631 1308 pinnatisidis
1658 1257 1818 1300 lobulis

121 1313 275 1354 crebre
312 1312 498 1353 dentatis
531 1312 737 1354 dentibus
771 1312 981 1360 cristatis.
1008 1313 1121 1355 soris
1149 1314 1265 1356 inter
1290 1325 1474 1356 nervum
1509 1320 1552 1356 et
1580 1316 1817 1367 marginem

115 1371 306 1425 copiosis
331 1371 580 1413 uniscriatis
612 1372 673 1417 ΩΙ.
705 1371 758 1414 N.
788 1371 1017 1413 Falconeri
1051 1371 1185 1415 Hook.
1222 1373 1298 1414 loc.
1325 1374 1393 1419 cit,
1418 1387 1456 1427 p.
1493 1372 1577 1416 1²23
1616 1375 1698 1416 tab.
1734 1376 1818 1417 0254

120 1442 173 1472 ex
199 1431 250 1472 cl.
279 1429 432 1472 Clarke
453 1442 539 1473 non
568 1430 727 1472 differt.
746 1454 803 1460 —
827 1430 1396 1475 A.Br2cn071.2·anum}iook.
1423 1433 1448 1474 l.
1468 1433 1537 1476 cit.
1557 1448 1595 1488 p.
1627 1436 1715 1484 113,
1733 1435 1819 1478 tab.

122 1490 201 1532 251
227 1501 279 1531 ex
296 1491 346 1532 cl.
371 1489 508 1531 Baker
526 1489 676 1531 eadem
701 1490 871 1543 species
898 1502 996 1532 esse
1025 1490 1215 1533 videtur.

167 1563 267 1600 Hab.
288 1564 337 1600 ad
358 1564 553 1600 Chendtoi
576 1564 690 1600 vallis
709 1565 881 1600 Knrram
899 1565 1122 1611 Affghaniae
1136 1565 1392 1603 9500'-10000·
1413 1567 1592 1610 (Aitolr).
1611 1568 1697 1604 Non
1713 1568 1814 1603 vidi.

168 1627 340 1663 Frondes
361 1628 399 1663 in
431 1628 561 1675 stipite
583 1638 688 1674 saepe
715 1627 848 1674 pedali
881 1628 901 1663 1
929 1628 1221 1675 ¹l2-2-pedales;
1258 1632 1407 1677 species
1441 1631 1673 1667 indumento
1695 1631 1819 1667 denso

116 1675 238 1721 ilongo
259 1685 378 1710 aureo
397 1676 570 1711 caudicis
590 1677 627 1710 et
641 1676 843 1711 frondium
864 1676 1039 1712 nondum
1058 1677 1309 1713 evolutarum
1332 1679 1510 1724 insignis.

166 1741 228 1776 Ar.
246 1741 378 1784 Geoqr.
396 1740 518 1787 Regio
539 1740 778 1776 Himalaica.

178 1861 217 1902 7.
251 1859 313 1902 N.
338 1860 658 1903 cristatum
678 1860 750 1914 (L.
779 1860 855 1915 Sp.
892 1863 997 1904 1551
1037 1862 1119 1905 sub
1151 1862 1411 1918 Polpspode'o)
1449 1865 1684 1907 rbizomate
1713 1866 1820 1908 obli-

119 1931 220 1972 quo.
250 1920 478 1962 frondibus
500 1919 743 1973 dimorpliis
769 1920 949 1973 glabris,
977 1922 1203 1964 sterilibus
1245 1924 1524 1966 brevioribus
1546 1928 1588 1966 et
1612 1925 1822 1967 tenuiori-

118 1977 201 2019 bus
225 1978 437 2031 oblongis,
468 1977 686 2021 fertilibus
717 1980 873 2033 petiolo
897 1992 1024 2034 parce
1054 1982 1251 2033 paleaceo
1281 1983 1474 2025 suffultis
1508 1984 1819 2034 elongato-lan·

114 2037 294 2078 ceolatis
329 2037 628 2090 pinnatisectis
670 2052 692 2080 a
729 2038 868 2081 medio
916 2052 1072 2081 versus
1121 2040 1242 2082 basin
1284 2042 1409 2084 valde
1446 2042 1817 2085 decrescentibus.

121 2095 266 2148 pinnis
289 2096 630 2148 pinnatipartitis
653 2096 941 2140 *inferioribus
969 2099 1082 2140 iuter
1113 2111 1158 2140 se
1198 2100 1376 2142 remotis
1420 2101 1685 2154 petiolulatis
1728 2101 1817 2154 ple·

118 2167 306 2208 rumque
355 2155 580 2197 sterilibus
627 2155 1172 2208 triangulari-lanceolatis,
1203 2159 1507 2212 superioribus
1561 2160 1814 2202 lanceolatis

119 2214 582 2267 sessilibustomnibus
610 2215 651 2257 in
678 2220 899 2268 segmenta
935 2217 1117 2269 oblonga
1145 2217 1303 2259 obtusa
1338 2218 1600 2261 denticulata
1631 2219 1817 2272 pinnati-

116 2273 287 2325 partilis
329 2273 604 2315 denticulatis
649 2274 988 2318 ascendentibus
1033 2277 1314 2326 mucronatis,
1343 2278 1456 2321 soris
1507 2278 1545 2319 in
1589 2283 1814 2331 segmento

117 2331 334 2374 biseriatis
377 2338 437 2379 26-
471 2332 522 2374 N.
560 2333 792 2375 cristatum
831 2334 950 2376 Micb.
981 2360 1034 2365 —-
1076 2334 1363 2388 polypodium
1402 2336 1652 2390 Calliplert‘s
1687 2338 1817 2381 Ehrll.

118 2389 251 2433 Beitr.
279 2391 348 2441 ΙΙΙ,
376 2405 418 2446 p.
452 2393 519 2433 77.
546 2392 600 2435 lc.
633 2393 690 2435 Fi.
711 2394 823 2436 Dan.
859 2396 980 2436 1517.
1006 2420 1059 2424 —
1085 2396 1209 2437 Sckn.
1233 2397 1374 2440 3741.

165 2464 266 2500 Hab.
289 2466 327 2500 in
349 2466 546 2502 umbrosis
566 2468 738 2511 tui-fosis,
760 2469 908 2503 liaeotia
927 2472 961 2504 et
991 2469 1093 2504 circa
1122 2470 1354 2514 Byzantium
1386 2471 1567 2515 (Simu).
1596 2471 1818 2507 'l‘ranscau-

111 2512 223 2547 casia
251 2513 289 2547 in
312 2513 438 2548 Iberia
453 2518 489 2549 et
511 2525 623 2560 prov.
639 2516 812 2561 Talysch
835 2516 1002 2562 (non).
1025 2517 1054 2551 E
1075 2517 1221 2552 ditione
1242 2517 1418 2553 nondum
1439 2519 1531 2554 vidi.

164 2577 226 2611 Ar.
244 2579 375 2623 Gooq'r.
395 2578 675 2625 Scandinavia,
696 2581 853 2624 Anglia,
876 2581 1066 2624 Belgium,
1085 2582 1228 2626 Gallia,
1259 2583 1454 2620 Helvetia.
1489 2583 1605 2618 Italia
1638 2583 1817 2620 borealis,

115 2623 224 2669 regio
245 2625 496 2668 Danubialis,
522 2626 659 2662 Hossia
679 2629 820 2673 media,
839 2629 985 2664 Sibiriu
1005 2628 1217 2674 [Ji-alensis,
1244 2631 1424 2666 America
1444 2631 1626 2666 borealis.

249 2790 595 2840 evswPTEnls
630 2792 801 2852 (Bernh.
826 2793 866 2841 in
897 2793 1073 2842 Schrad.
1103 2794 1246 2842 Journ.
1270 2794 1307 2851 Ι,
1343 2810 1379 2857 p.
1401 2795 1443 2848 2,
1472 2810 1566 2857 paq.
1590 2796 1684 2855 26).

176 2931 272 2975 Sori
299 2932 562 2977 subrotuudi
593 2935 734 2989 sparsi
773 2935 837 2976 vel
880 2935 1131 2978 subseriati.
1164 2935 1390 2978 lndusium
1431 2936 1808 2980 membranaceum

111 2991 358 3035 orbiculare
386 2994 453 3036 vel
472 2997 648 3036 ova-tum
667 2993 1149 3037 denticulato-lacerum
1173 2999 1330 3048 puncto
1356 2996 1562 3049 marginis
1588 2996 1811 3039 interioris
