2062 3314
249 241 323 280 632
996 252 1224 282 GRAMJNRAE
1720 244 1954 284 Nardurus.

247 331 374 407 Empe
396 323 501 360 Oran
534 324 681 383 (Boiss.
699 326 737 360 et
765 324 889 361 Reutl
909 324 991 361 Bal.
1018 334 1101 365 exs.
1131 324 1243 379 2793)
1269 323 1321 360 ad
1345 323 1621 370 Mostaganem
1638 324 1740 368 (Bal.
1768 324 1885 371 3622),
1907 327 1961 366 ad

279 381 421 408 uvlum
445 371 575 407 Macta
592 370 762 415 (Cosson
777 373 816 417 l),
837 371 889 407 ad
905 371 1084 410 Mascara
1103 372 1273 418 (Durieu
1287 373 1329 416 Ξ).

294 436 359 472 Ar.
382 436 517 481 Geogr.
543 435 678 471 Africa
693 434 877 471 borealis.

455 589 728 636 NARDURUS
756 587 901 650 (ltchl).
938 590 979 636 in
1010 587 1172 637 Godron
1210 586 1268 636 Fl.
1309 586 1425 636 [οι-τ.
1461 587 1534 643 ΙΙΙ,
1568 603 1610 651 p.
1650 588 1771 647 187).

310 722 496 777 Spiculae
523 721 788 763 subsessiles
810 720 875 762 vel
895 721 1114 774 pedicellis
1140 720 1419 764 brevissimis
1444 720 1606 763 crassis
1634 721 1852 774 aequitatis
1870 723 1960 764 suf-

250 782 369 824 fulta}
415 782 456 823 in
508 780 697 821 racliidis
745 780 1101 822 excavationibus
1146 779 1355 822 solitariae
1396 783 1438 822 et
1480 780 1660 822 alternae
1695 791 1961 834 compressae

252 842 391 884 altera
419 839 525 883 facie
554 839 650 880 axin
683 843 931 893 spectantes
956 838 1199 891 plui-illorae
1222 838 1416 882 flosculis
1429 838 1773 892 divergentibns,
1797 841 1964 892 saepius

250 900 373 955 apice
410 898 688 942 sublatiores.
727 898 896 940 Glumae
938 898 1051 940 binae
1091 895 1283 951 {aquales
1332 898 1397 939 vel
1441 897 1693 951 inaequales.
1739 896 1958 942 Glumella

249 970 436 1001 concava
465 969 546 998 non
576 958 768 1000 carinata
792 957 1023 999 lanceolata
1058 957 1214 998 mutica
1244 956 1312 998 vel
1347 956 1538 999 aristata.
1577 956 1705 999 Palea
1740 957 1958 1001 bidentata

248 1017 490 1061 bicarinata
517 1017 567 1056 ad
597 1016 767 1057 carinas
804 1015 1015 1060 scabrida.
1041 1014 1291 1069 Squamulae
1329 1015 1439 1057 binae
1471 1016 1748 1068 inaequaliter
1788 1015 1958 1062 bilobae.

251 1074 444 1121 Stamina
462 1076 558 1119 tria.
579 1074 689 1128 Styli
712 1076 734 1116 Ξ
754 1074 912 1116 breves
937 1074 1213 1127 stigmatibus
1238 1075 1452 1129 plumosis
1465 1074 1748 1128 simplicibus.
1768 1074 1960 1129 Caryop-

250 1136 311 1180 sis
340 1137 524 1187 oblonga
552 1134 706 1176 obtusa
730 1134 880 1188 glabra
908 1138 1061 1175 ventre
1080 1145 1264 1176 concava
1286 1134 1503 1188 glumellis
1528 1133 1756 1177 adhaerens
1791 1135 1959 1179 macula

248 1193 377 1238 hilari
402 1194 598 1236 breviter
622 1193 790 1235 lineari.
821 1217 868 1221 —
896 1192 1053 1235 Herbae
1079 1203 1235 1234 annuae
1258 1192 1439 1246 spiculis
1463 1193 1503 1234 in
1531 1193 1692 1245 spicam
1717 1193 1958 1246 simplicem

247 1266 350 1297 raro
393 1265 604 1295 ramosam
652 1252 894 1305 dispositis.
927 1276 980 1282 —-
1019 1251 1167 1295 Genus
1202 1252 1317 1294 inter
1364 1251 1557 1303 Vulpiam
1596 1256 1638 1293 et
1671 1251 1959 1303 Catapocn‘um

248 1311 579 1359 intermedium,
607 1325 629 1353 a
656 1312 807 1364 priore⁴
829 1311 1009 1364 spiculis
1050 1311 1090 1352 in
1125 1310 1303 1353 racheos
1331 1310 1537 1352 incisuris
1579 1311 1912 1361 subsessilibus‚
1936 1323 1960 1353 a

248 1373 494 1426 posteriore
523 1370 584 1412 eis
607 1370 662 1413 ob
685 1371 892 1413 flosculos
914 1370 1193 1423 divergentes
1219 1370 1340 1423 apice
1364 1369 1592 1412 latioribus
1621 1381 1697 1412 nec
1720 1370 1961 1413 attenuatis

250 1430 520 1474 distinctum.

311 1562 346 1602 1.
396 1559 460 1601 Ν.
507 1557 869 1600 tenuissorus
912 1556 1113 1611 (Schrad.
1160 1557 1308 1600 Germ.
1353 1556 1386 1606 Ι,
1432 1569 1472 1609 p.
1510 1556 1594 1598 345
1631 1556 1713 1598 sub
1754 1555 1961 1611 Festucd)

247 1631 435 1667 annuus,
463 1617 618 1661 culmis
643 1616 890 1659 numerosis
916 1616 1156 1659 humilibus
1183 1616 1405 1669 tenuibuS,
1432 1615 1546 1658 foliis
1579 1615 1789 1658 brevibus
1818 1617 1960 1658 tenui-

247 1678 331 1722 bus
360 1676 657 1720 subssexuosis
681 1674 943 1726 convolutis,
970 1675 1087 1729 spica
1113 1674 1299 1729 simplici
1323 1674 1478 1717 lineari
1507 1676 1652 1716 erecta
1684 1675 1747 1717 vel
1777 1675 1955 1720 incurva

247 1738 433 1781 disticha
471 1736 535 1778 vel
583 1735 827 1777 unilaterali
866 1736 978 1786 laxa,
1010 1734 1191 1787 spiculis
1228 1734 1452 1789 pedicellis
1488 1733 1764 1776 brevissimis
1793 1735 1958 1777 crassis

245 1797 473 1851 adpressis
502 1795 696 1838 suffultis
721 1793 959 1843 5-6-floris,
984 1793 1143 1847 glumis
1176 1793 1413 1837 linearibus
1450 1793 1709 1835 acuminatis
1750 1793 1957 1838 carinatis

243 1855 455 1901 inferiore
483 1854 685 1897 breviore
707 1853 913 1896 uninervi
936 1853 1165 1906 superiore
1194 1852 1379 1895 trinervi
1402 1852 1598 1894 flosculis
1627 1851 1839 1901 breviore,
1861 1853 1959 1904 glu-

245 1916 375 1960 mella
402 1913 815 1957 lanceolam-lineari
840 1912 1092 1954 acutissima
1117 1912 1156 1953 in
1189 1923 1440 1954 mucronem
1474 1910 1651 1952 brevem
1688 1910 1753 1952 vel
1777 1910 1820 1952 in
1845 1911 1956 1953 aris-

246 1979 331 2019 tam
358 1976 546 2017 abeunte
575 1977 640 2023 Θ.
668 1971 720 2015 Ν.
747 1970 1012 2023 tenmflorus
1034 1970 1174 2013 Boiss.
1202 1970 1310 2025 Voy.
1335 1971 1441 2023 Esp.
1469 1993 1527 2000 —
1573 1969 1786 2013 Triticum
1808 1969 1957 2011 unita-

244 2034 379 2076 terale
407 2033 453 2075 L.
482 2032 607 2074 lllant.
638 2031 669 2080 1,
702 2044 731 2084 p
774 2032 826 2072 35
856 2030 1016 2088 (forma
1055 2029 1361 2085 unilateralis).
1396 2053 1448 2060 -—-
1491 2029 1535 2071 T.
1564 2028 1745 2070 Nardns
1779 2028 1853 2070 Dc.
1895 2028 1952 2070 Fl.

242 2091 314 2137 Fr.
339 2117 392 2123 -—
424 2093 468 2135 Τ.
490 2090 694 2133 tenellum
718 2090 812 2135 Viv.

293 2169 399 2204 Hab.
419 2169 458 2202 in
481 2167 661 2202 arenosis
682 2168 719 2200 et
735 2165 973 2211 graminosis
993 2164 1117 2203 siccis,
1137 2165 1326 2200 Anatolia
1344 2163 1484 2209 (Aueh.
1511 2164 1652 2209 29741),
1679 2163 1798 2208 Lycia
1830 2172 1955 2208 prope

244 2214 403 2252 Elmalu
421 2216 621 2259 (Bourgl),
640 2214 791 2248 Pontus
814 2212 863 2248 ad
884 2213 1028 2249 Batum
1057 2211 1197 2256 (Ball),
1215 2211 1362 2246 Tauria.
1381 2211 1548 2256 (Stevl),
1574 2210 1689 2255 Syria
1717 2210 1765 2244 ad
1802 2210 1953 2255 Aleppo

244 2261 426 2307 (Haussk
443 2266 468 2306 t)
489 2264 526 2297 et
545 2261 785 2296 Damascum
812 2259 984 2305 (Gallu),
1015 2258 1214 2294 desertum
1238 2258 1287 2294 ad
1318 2258 1549 2304 Palmyram
1585 2257 1700 2303 (BH),
1729 2257 1954 2302 Mesopota-

243 2312 325 2351 mia
363 2312 397 2346 K
443 2313 449 2345 l
471 2338 477 2344 .

291 2313 359 2409 Arf
376 2313 511 2418 Gseyong.
533 2371 752 2411 Lusitania,
776 2370 984 2416 Hispania,
1015 2369 1146 2404 Gallia
1173 2368 1427 2404 occidentalis
1458 2370 1496 2403 et
1531 2367 1732 2413 australis,
1764 2366 1953 2404 Helvetia

244 2422 444 2465 australis,
464 2420 589 2462 Italia,
616 2418 787 2454 littorale
808 2417 1074 2461 Austriaoum‚
1094 2417 1262 2458 Oroatia,
1276 2416 1412 2451 Africa
1430 2415 1612 2450 borealis.

303 2549 344 2589 τὶ.
372 2547 434 2589 Ν.
464 2546 744 2590 Persicus
767 2545 924 2595 (Boiss.
965 2547 1008 2586 et
1047 2544 1191 2590 Bulise
1219 2544 1344 2589 Aufz.
1374 2557 1415 2598 p.
1439 2544 1543 2591 225)
1572 2555 1760 2592 annuus,
1796 2543 1952 2588 culmis

241 2607 419 2660 pumilis
446 2605 705 2660 geniculatis
732 2604 901 2652 erectis
925 2602 1037 2645 foliis
1061 2607 1245 2655 anguste
1270 2602 1509 2644 linearibus
1536 2602 1711 2645 demum
1742 2603 1950 2645 convolu-

241 2666 298 2708 tis
323 2666 551 2713 ssexuosis,
577 2664 774 2718 supremi
804 2662 958 2716 vagina
986 2663 1116 2715 spicae
1139 2662 1261 2704 basin
1291 2661 1609 2712 involitas-ante,
1633 2661 1751 2714 spica
1789 2661 1953 2703 laxius-

239 2726 338 2767 cula
365 2726 487 2767 brevi
516 2723 714 2769 disticha,
742 2722 924 2776 spiculis
951 2722 1159 2774 ped'icello
1190 2720 1451 2763 brevissimo
1480 2731 1628 2762 crasso
1651 2720 1950 2762 insidentibus

241 2783 466 2826 3·5-ssoris
521 2783 641 2830 laxis,
674 2782 834 2834 glumis
881 2780 1098 2823 subulatis
1138 2781 1341 2822 inferiore
1395 2779 1527 2833 triplo
1572 2779 1773 2821 breviore
1823 2781 1949 2821 acuta

239 2843 469 2895 superiore
494 2842 792 2884 obtusiuscula
815 2840 1098 2882 flosculorum
1115 2840 1287 2880 tertiam
1312 2842 1479 2892 partem
1501 2843 1718 2890 {equantffi
1742 2838 1950 2890 glumella

241 2898 480 2945 lanceolata
508 2901 638 2943 dorso
662 2900 855 2942 convexa
889 2899 1087 2940 scabrida
1120 2899 1161 2939 i'n
1190 2898 1367 2940 aristam
1404 2899 1531 2948 longe
1560 2897 1949 2946 attenuata‚arista

237 2956 521 3004 flosculorum
554 2959 812 3002 inferiorum
836 2958 960 3000 brevi
988 2958 1268 3010 superiorum
1296 2957 1500 3009 glumella
1529 2956 1624 3009 ipsa
1652 2955 1845 3008 longiore
1879 2959 1948 3005 Θ.

284 3024 386 3068 Hah.
402 3034 444 3068 in
463 3028 600 3069 Persia
618 3031 800 3068 orientali
822 3031 872 3066 ad
892 3031 1057 3076 Bunegu
1078 3031 1178 3065 inter
1196 3027 1401 3076 Djendack
1423 3031 1460 3064 et
1479 3027 1585 3064 Yazd
1605 3027 1755 3073 (ssuhse
1767 3029 1805 3073 1),
