<?xml version="1.0" encoding="UTF-8"?>
<!DOCTYPE html PUBLIC "-//W3C//DTD XHTML 1.0 Transitional//EN"
    "http://www.w3.org/TR/xhtml1/DTD/xhtml1-transitional.dtd">
<html xmlns="http://www.w3.org/1999/xhtml" xml:lang="en" lang="en">
 <head>
  <title>
</title>
<meta http-equiv="Content-Type" content="text/html;charset=utf-8" />
  <meta name='ocr-system' content='tesseract 3.04.00' />
  <meta name='ocr-capabilities' content='ocr_page ocr_carea ocr_par ocr_line ocrx_word'/>
</head>
<body>
  <div class='ocr_page' id='page_1' title='image "./floraorientaliss05bois_0729.png"; bbox 0 0 2089 3246; ppageno 0'>
   <div class='ocr_carea' id='block_1_1' title="bbox 67 281 1754 321">
    <p class='ocr_par' dir='ltr' id='par_1_1' title="bbox 67 281 1754 321">
     <span class='ocr_line' id='line_1_1' title="bbox 67 281 1754 321; baseline 0 -1"><span class='ocrx_word' id='word_1_1' title='bbox 67 281 285 320; x_wconf 81' lang='lat' dir='ltr'>Osmunda.</span> <span class='ocrx_word' id='word_1_2' title='bbox 828 292 982 318; x_wconf 72' lang='lat' dir='ltr'>mmet-:s</span> <span class='ocrx_word' id='word_1_3' title='bbox 1688 286 1754 321; x_wconf 77' lang='lat'>721</span> 
     </span>
    </p>
   </div>
   <div class='ocr_carea' id='block_1_2' title="bbox 63 365 1758 526">
    <p class='ocr_par' dir='ltr' id='par_1_2' title="bbox 63 365 1758 526">
     <span class='ocr_line' id='line_1_2' title="bbox 65 365 1758 420; baseline 0.002 -11"><span class='ocrx_word' id='word_1_4' title='bbox 65 365 280 411; x_wconf 78' lang='lat' dir='ltr'><strong>fertilibus</strong></span> <span class='ocrx_word' id='word_1_5' title='bbox 330 366 372 408; x_wconf 90' lang='lat' dir='ltr'>in</span> <span class='ocrx_word' id='word_1_6' title='bbox 412 365 652 419; x_wconf 87' lang='lat' dir='ltr'>paniculam</span> <span class='ocrx_word' id='word_1_7' title='bbox 693 365 964 409; x_wconf 81' lang='lat' dir='ltr'><strong>terminalem</strong></span> <span class='ocrx_word' id='word_1_8' title='bbox 1002 369 1226 420; x_wconf 86' lang='lat' dir='ltr'>augustam</span> <span class='ocrx_word' id='word_1_9' title='bbox 1268 365 1492 419; x_wconf 81' lang='lat' dir='ltr'>dispositis</span> <span class='ocrx_word' id='word_1_10' title='bbox 1527 371 1758 412; x_wconf 86' lang='lat' dir='ltr'>contractis</span> 
     </span>
     <span class='ocr_line' id='line_1_3' title="bbox 63 423 1755 526; baseline 0.002 -59"><span class='ocrx_word' id='word_1_11' title='bbox 63 429 246 526; x_wconf 51' lang='lat' dir='ltr'>{ffiuste</span> <span class='ocrx_word' id='word_1_12' title='bbox 283 424 522 467; x_wconf 81' lang='lat' dir='ltr'>linearibus</span> <span class='ocrx_word' id='word_1_13' title='bbox 565 426 653 467; x_wconf 77' lang='lat' dir='ltr'>tota</span> <span class='ocrx_word' id='word_1_14' title='bbox 686 425 920 478; x_wconf 75' lang='lat' dir='ltr'>superficie</span> <span class='ocrx_word' id='word_1_15' title='bbox 967 424 1103 468; x_wconf 88' lang='lat' dir='ltr'>dense</span> <span class='ocrx_word' id='word_1_16' title='bbox 1143 423 1339 468; x_wconf 86' lang='lat' dir='ltr'>sorileris</span> <span class='ocrx_word' id='word_1_17' title='bbox 1394 431 1452 473; x_wconf 73' lang='lat'>36.</span> <span class='ocrx_word' id='word_1_18' title='bbox 1496 426 1617 480; x_wconf 84' lang='lat' dir='ltr'>Engl.</span> <span class='ocrx_word' id='word_1_19' title='bbox 1666 428 1755 471; x_wconf 83' lang='lat' dir='ltr'>Bot.</span> 
     </span>
    </p>
   </div>
   <div class='ocr_carea' id='block_1_3' title="bbox 61 561 1757 704">
    <p class='ocr_par' dir='ltr' id='par_1_3' title="bbox 61 561 1757 704">
     <span class='ocr_line' id='line_1_4' title="bbox 109 561 1757 611; baseline 0.002 -14"><span class='ocrx_word' id='word_1_20' title='bbox 109 561 210 598; x_wconf 86' lang='lat' dir='ltr'>Hah.</span> <span class='ocrx_word' id='word_1_21' title='bbox 230 563 271 598; x_wconf 89' lang='lat' dir='ltr'>in</span> <span class='ocrx_word' id='word_1_22' title='bbox 297 561 494 598; x_wconf 86' lang='lat' dir='ltr'>umbrosis</span> <span class='ocrx_word' id='word_1_23' title='bbox 521 562 619 605; x_wconf 87' lang='lat' dir='ltr'>udis,</span> <span class='ocrx_word' id='word_1_24' title='bbox 640 562 872 598; x_wconf 86' lang='lat' dir='ltr'>Macedonia.</span> <span class='ocrx_word' id='word_1_25' title='bbox 894 562 933 598; x_wconf 91' lang='lat' dir='ltr'>in</span> <span class='ocrx_word' id='word_1_26' title='bbox 950 562 1105 599; x_wconf 81' lang='lat' dir='ltr'>Athone</span> <span class='ocrx_word' id='word_1_27' title='bbox 1125 566 1163 598; x_wconf 86' lang='lat' dir='ltr'>et</span> <span class='ocrx_word' id='word_1_28' title='bbox 1210 573 1303 609; x_wconf 77' lang='lat' dir='ltr'>rope</span> <span class='ocrx_word' id='word_1_29' title='bbox 1326 563 1558 609; x_wconf 75' lang='lat' dir='ltr'>Byzantium</span> <span class='ocrx_word' id='word_1_30' title='bbox 1580 566 1757 611; x_wconf 64' lang='lat' dir='ltr'>(Simu),</span> 
     </span>
     <span class='ocr_line' id='line_1_5' title="bbox 61 608 1757 657; baseline 0.002 -12"><span class='ocrx_word' id='word_1_31' title='bbox 61 608 172 645; x_wconf 85' lang='lat' dir='ltr'>Creta</span> <span class='ocrx_word' id='word_1_32' title='bbox 198 610 236 645; x_wconf 93' lang='lat' dir='ltr'>in</span> <span class='ocrx_word' id='word_1_33' title='bbox 255 610 466 645; x_wconf 77' lang='lat' dir='ltr'>castanetis</span> <span class='ocrx_word' id='word_1_34' title='bbox 486 609 690 656; x_wconf 86' lang='lat' dir='ltr'>Eparchiae</span> <span class='ocrx_word' id='word_1_35' title='bbox 719 609 921 646; x_wconf 86' lang='lat' dir='ltr'>Kissamos</span> <span class='ocrx_word' id='word_1_36' title='bbox 947 609 1143 655; x_wconf 88' lang='lat' dir='ltr'>(Heldrl),</span> <span class='ocrx_word' id='word_1_37' title='bbox 1211 610 1355 645; x_wconf 84' lang='lat' dir='ltr'>ihauus</span> <span class='ocrx_word' id='word_1_38' title='bbox 1377 622 1497 657; x_wconf 87' lang='lat' dir='ltr'>prope</span> <span class='ocrx_word' id='word_1_39' title='bbox 1532 612 1757 649; x_wconf 78' lang='lat' dir='ltr'>Hammana</span> 
     </span>
     <span class='ocr_line' id='line_1_6' title="bbox 62 655 1576 704; baseline 0.001 -11"><span class='ocrx_word' id='word_1_40' title='bbox 62 655 231 702; x_wconf 68' lang='lat' dir='ltr'>(Gaium),</span> <span class='ocrx_word' id='word_1_41' title='bbox 251 655 398 692; x_wconf 78' lang='lat' dir='ltr'>Pontus</span> <span class='ocrx_word' id='word_1_42' title='bbox 416 656 580 693; x_wconf 87' lang='lat' dir='ltr'>Lazicus</span> <span class='ocrx_word' id='word_1_43' title='bbox 603 657 651 693; x_wconf 82' lang='lat' dir='ltr'>ad</span> <span class='ocrx_word' id='word_1_44' title='bbox 670 657 794 693; x_wconf 71' lang='lat' dir='ltr'>Rhize</span> <span class='ocrx_word' id='word_1_45' title='bbox 812 656 955 703; x_wconf 78' lang='lat' dir='ltr'>(Ball),</span> <span class='ocrx_word' id='word_1_46' title='bbox 974 656 1100 693; x_wconf 84' lang='lat' dir='ltr'>Iberia</span> <span class='ocrx_word' id='word_1_47' title='bbox 1123 659 1161 692; x_wconf 87' lang='lat' dir='ltr'>et</span> <span class='ocrx_word' id='word_1_48' title='bbox 1179 657 1386 703; x_wconf 82' lang='lat' dir='ltr'>Mingrelia</span> <span class='ocrx_word' id='word_1_49' title='bbox 1405 659 1525 704; x_wconf 86' lang='lat' dir='ltr'>(Szov</span> <span class='ocrx_word' id='word_1_50' title='bbox 1540 662 1576 703; x_wconf 85' lang='lat' dir='ltr'>t).</span> 
     </span>
    </p>
   </div>
   <div class='ocr_carea' id='block_1_4' title="bbox 62 731 1757 863">
    <p class='ocr_par' dir='ltr' id='par_1_4' title="bbox 62 731 1757 863">
     <span class='ocr_line' id='line_1_7' title="bbox 110 731 1757 780; baseline 0.002 -13"><span class='ocrx_word' id='word_1_51' title='bbox 110 732 172 768; x_wconf 75' lang='lat' dir='ltr'>Ar.</span> <span class='ocrx_word' id='word_1_52' title='bbox 196 731 328 777; x_wconf 75' lang='lat' dir='ltr'>Geoqr.</span> <span class='ocrx_word' id='word_1_53' title='bbox 354 732 515 780; x_wconf 85' lang='lat' dir='ltr'>Europa</span> <span class='ocrx_word' id='word_1_54' title='bbox 535 732 669 768; x_wconf 86' lang='lat' dir='ltr'>media</span> <span class='ocrx_word' id='word_1_55' title='bbox 689 732 741 768; x_wconf 85' lang='lat' dir='ltr'>ab</span> <span class='ocrx_word' id='word_1_56' title='bbox 762 731 916 779; x_wconf 68' lang='lat' dir='ltr'>Anglia,</span> <span class='ocrx_word' id='word_1_57' title='bbox 939 732 1068 768; x_wconf 67' lang='lat' dir='ltr'>Dama</span> <span class='ocrx_word' id='word_1_58' title='bbox 1086 735 1123 769; x_wconf 87' lang='lat' dir='ltr'>et</span> <span class='ocrx_word' id='word_1_59' title='bbox 1142 732 1286 769; x_wconf 72' lang='lat' dir='ltr'>Gothi-a</span> <span class='ocrx_word' id='word_1_60' title='bbox 1304 732 1353 768; x_wconf 89' lang='lat' dir='ltr'>ad</span> <span class='ocrx_word' id='word_1_61' title='bbox 1369 733 1551 770; x_wconf 83' lang='lat' dir='ltr'>Bossiam</span> <span class='ocrx_word' id='word_1_62' title='bbox 1575 735 1757 780; x_wconf 79' lang='lat' dir='ltr'>mediam,</span> 
     </span>
     <span class='ocr_line' id='line_1_8' title="bbox 62 777 1756 828; baseline 0.002 -13"><span class='ocrx_word' id='word_1_63' title='bbox 62 777 324 824; x_wconf 82' lang='lat' dir='ltr'>Lusitaniam,</span> <span class='ocrx_word' id='word_1_64' title='bbox 345 779 593 826; x_wconf 81' lang='lat' dir='ltr'>Hispaniam,</span> <span class='ocrx_word' id='word_1_65' title='bbox 608 780 740 816; x_wconf 83' lang='lat' dir='ltr'>Africa</span> <span class='ocrx_word' id='word_1_66' title='bbox 755 779 936 824; x_wconf 80' lang='lat' dir='ltr'>borealis,</span> <span class='ocrx_word' id='word_1_67' title='bbox 952 779 1095 815; x_wconf 83' lang='lat' dir='ltr'>insulae</span> <span class='ocrx_word' id='word_1_68' title='bbox 1122 780 1306 826; x_wconf 82' lang='lat' dir='ltr'>Azoricae‚</span> <span class='ocrx_word' id='word_1_69' title='bbox 1323 780 1505 826; x_wconf 83' lang='lat' dir='ltr'>Japonia,</span> <span class='ocrx_word' id='word_1_70' title='bbox 1525 781 1566 817; x_wconf 89' lang='lat' dir='ltr'>P.</span> <span class='ocrx_word' id='word_1_71' title='bbox 1588 783 1629 817; x_wconf 88' lang='lat' dir='ltr'>B.</span> <span class='ocrx_word' id='word_1_72' title='bbox 1652 783 1756 828; x_wconf 84' lang='lat' dir='ltr'>Spei,</span> 
     </span>
     <span class='ocr_line' id='line_1_9' title="bbox 62 826 708 863; baseline 0 -1"><span class='ocrx_word' id='word_1_73' title='bbox 62 826 240 862; x_wconf 87' lang='lat' dir='ltr'>America</span> <span class='ocrx_word' id='word_1_74' title='bbox 265 826 433 862; x_wconf 86' lang='lat' dir='ltr'>borealis</span> <span class='ocrx_word' id='word_1_75' title='bbox 452 828 491 862; x_wconf 87' lang='lat' dir='ltr'>et</span> <span class='ocrx_word' id='word_1_76' title='bbox 510 827 708 863; x_wconf 82' lang='lat' dir='ltr'>australis.</span> 
     </span>
    </p>
   </div>
   <div class='ocr_carea' id='block_1_5' title="bbox 201 977 1614 1043">
    <p class='ocr_par' dir='ltr' id='par_1_5' title="bbox 201 977 1614 1043">
     <span class='ocr_line' id='line_1_10' title="bbox 201 977 1614 1043; baseline 0.002 -17"><span class='ocrx_word' id='word_1_77' title='bbox 201 977 291 1026; x_wconf 82' lang='lat' dir='ltr'>TR.</span> <span class='ocrx_word' id='word_1_78' title='bbox 329 978 414 1027; x_wconf 89' lang='grc' dir='ltr'><strong>ΙΙΙ.</strong></span> <span class='ocrx_word' id='word_1_79' title='bbox 456 978 966 1028; x_wconf 87' lang='lat' dir='ltr'>POLYPODIACEAE</span> <span class='ocrx_word' id='word_1_80' title='bbox 1001 980 1056 1028; x_wconf 93' lang='lat' dir='ltr'>R.</span> <span class='ocrx_word' id='word_1_81' title='bbox 1093 980 1171 1028; x_wconf 76' lang='grc' dir='ltr'>ΒΓ.</span> <span class='ocrx_word' id='word_1_82' title='bbox 1211 980 1402 1035; x_wconf 84' lang='lat' dir='ltr'>Prod1·.‚</span> <span class='ocrx_word' id='word_1_83' title='bbox 1440 995 1484 1043; x_wconf 93' lang='lat' dir='ltr'>p.</span> <span class='ocrx_word' id='word_1_84' title='bbox 1522 982 1614 1029; x_wconf 75' lang='lat' dir='ltr'>14ss</span> 
     </span>
    </p>
   </div>
   <div class='ocr_carea' id='block_1_6' title="bbox 58 1115 1754 1336">
    <p class='ocr_par' dir='ltr' id='par_1_6' title="bbox 58 1115 1754 1336">
     <span class='ocr_line' id='line_1_11' title="bbox 124 1115 1754 1170; baseline 0.002 -12"><span class='ocrx_word' id='word_1_85' title='bbox 124 1115 361 1170; x_wconf 80' lang='lat' dir='ltr'>Sporangia</span> <span class='ocrx_word' id='word_1_86' title='bbox 388 1116 670 1159; x_wconf 88' lang='lat' dir='ltr'>unilocularia</span> <span class='ocrx_word' id='word_1_87' title='bbox 692 1116 1105 1160; x_wconf 88' lang='lat' dir='ltr'>reticulato-venosa</span> <span class='ocrx_word' id='word_1_88' title='bbox 1133 1117 1294 1160; x_wconf 87' lang='lat' dir='ltr'>annulo</span> <span class='ocrx_word' id='word_1_89' title='bbox 1309 1118 1536 1161; x_wconf 86' lang='lat' dir='ltr'>articulato</span> <span class='ocrx_word' id='word_1_90' title='bbox 1561 1119 1754 1161; x_wconf 84' lang='lat' dir='ltr'>verticali</span> 
     </span>
     <span class='ocr_line' id='line_1_12' title="bbox 61 1174 1753 1230; baseline 0 -11"><span class='ocrx_word' id='word_1_91' title='bbox 61 1174 237 1219; x_wconf 87' lang='lat' dir='ltr'>elastico</span> <span class='ocrx_word' id='word_1_92' title='bbox 271 1175 532 1230; x_wconf 85' lang='lat' dir='ltr'>plerumque</span> <span class='ocrx_word' id='word_1_93' title='bbox 567 1175 610 1218; x_wconf 91' lang='lat' dir='ltr'>in</span> <span class='ocrx_word' id='word_1_94' title='bbox 637 1175 773 1218; x_wconf 87' lang='lat' dir='ltr'>altero</span> <span class='ocrx_word' id='word_1_95' title='bbox 812 1176 947 1220; x_wconf 80' lang='lat' dir='ltr'>lat-ere</span> <span class='ocrx_word' id='word_1_96' title='bbox 986 1177 1247 1230; x_wconf 85' lang='lat' dir='ltr'>incompleto</span> <span class='ocrx_word' id='word_1_97' title='bbox 1288 1177 1422 1219; x_wconf 85' lang='lat' dir='ltr'>cincta</span> <span class='ocrx_word' id='word_1_98' title='bbox 1465 1178 1753 1219; x_wconf 84' lang='lat' dir='ltr'>transversim</span> 
     </span>
     <span class='ocr_line' id='line_1_13' title="bbox 58 1231 1754 1289; baseline 0.002 -13"><span class='ocrx_word' id='word_1_99' title='bbox 58 1233 365 1287; x_wconf 83' lang='lat' dir='ltr'>irregulariter</span> <span class='ocrx_word' id='word_1_100' title='bbox 387 1234 651 1289; x_wconf 80' lang='lat' dir='ltr'>rumpentia.</span> <span class='ocrx_word' id='word_1_101' title='bbox 672 1233 767 1278; x_wconf 82' lang='lat' dir='ltr'>Sori</span> <span class='ocrx_word' id='word_1_102' title='bbox 793 1235 845 1277; x_wconf 90' lang='lat' dir='ltr'>ad</span> <span class='ocrx_word' id='word_1_103' title='bbox 871 1235 1019 1278; x_wconf 84' lang='lat' dir='ltr'>faciem</span> <span class='ocrx_word' id='word_1_104' title='bbox 1045 1236 1296 1279; x_wconf 80' lang='lat' dir='ltr'>inferiorem</span> <span class='ocrx_word' id='word_1_105' title='bbox 1318 1236 1483 1278; x_wconf 82' lang='lat' dir='ltr'>frondis</span> <span class='ocrx_word' id='word_1_106' title='bbox 1499 1231 1586 1279; x_wconf 85' lang='lat' dir='ltr'>siti.</span> <span class='ocrx_word' id='word_1_107' title='bbox 1612 1235 1754 1279; x_wconf 83' lang='lat' dir='ltr'>Frons</span> 
     </span>
     <span class='ocr_line' id='line_1_14' title="bbox 62 1293 590 1336; baseline 0 0"><span class='ocrx_word' id='word_1_108' title='bbox 62 1293 317 1336; x_wconf 83' lang='lat' dir='ltr'>vernatione</span> <span class='ocrx_word' id='word_1_109' title='bbox 340 1293 590 1336; x_wconf 88' lang='lat' dir='ltr'>circinnata.</span> 
     </span>
    </p>
   </div>
   <div class='ocr_carea' id='block_1_7' title="bbox 61 1448 1756 1555">
    <p class='ocr_par' dir='ltr' id='par_1_7' title="bbox 61 1448 1756 1555">
     <span class='ocr_line' id='line_1_15' title="bbox 61 1448 1756 1508; baseline 0.001 -15"><span class='ocrx_word' id='word_1_110' title='bbox 61 1448 221 1494; x_wconf 70' lang='lat' dir='ltr'>Suara.</span> <span class='ocrx_word' id='word_1_111' title='bbox 251 1449 282 1492; x_wconf 95' lang='grc' dir='ltr'>Ι.</span> <span class='ocrx_word' id='word_1_112' title='bbox 322 1449 475 1494; x_wconf 77' lang='lat' dir='ltr'>NunAE.</span> <span class='ocrx_word' id='word_1_113' title='bbox 513 1474 564 1482; x_wconf 90' lang='lat'>—-</span> <span class='ocrx_word' id='word_1_114' title='bbox 608 1450 705 1494; x_wconf 90' lang='lat' dir='ltr'>Sori</span> <span class='ocrx_word' id='word_1_115' title='bbox 743 1451 863 1505; x_wconf 92' lang='lat' dir='ltr'>nudi,</span> <span class='ocrx_word' id='word_1_116' title='bbox 897 1463 976 1494; x_wconf 90' lang='lat' dir='ltr'>nec</span> <span class='ocrx_word' id='word_1_117' title='bbox 1014 1452 1189 1497; x_wconf 86' lang='lat' dir='ltr'>indusio</span> <span class='ocrx_word' id='word_1_118' title='bbox 1230 1452 1557 1497; x_wconf 87' lang='lat' dir='ltr'>membranaceo</span> <span class='ocrx_word' id='word_1_119' title='bbox 1593 1465 1756 1508; x_wconf 89' lang='lat' dir='ltr'>supero</span> 
     </span>
     <span class='ocr_line' id='line_1_16' title="bbox 859 1512 973 1555; baseline -0.009 -1"><span class='ocrx_word' id='word_1_120' title='bbox 859 1512 973 1555; x_wconf 86' lang='lat' dir='ltr'>tecti.</span> 
     </span>
    </p>
   </div>
   <div class='ocr_carea' id='block_1_8' title="bbox 583 1688 1237 1753">
    <p class='ocr_par' dir='ltr' id='par_1_8' title="bbox 583 1688 1237 1753">
     <span class='ocr_line' id='line_1_17' title="bbox 583 1688 1237 1753; baseline -0.003 -15"><span class='ocrx_word' id='word_1_121' title='bbox 583 1688 969 1745; x_wconf 69' lang='lat' dir='ltr'><strong>GYMNQGRAMME</strong></span> <span class='ocrx_word' id='word_1_122' title='bbox 1007 1689 1237 1753; x_wconf 79' lang='lat' dir='ltr'>(Dcsvaux).</span> 
     </span>
    </p>
   </div>
   <div class='ocr_carea' id='block_1_9' title="bbox 60 1823 1755 2114">
    <p class='ocr_par' dir='ltr' id='par_1_9' title="bbox 60 1823 1755 2114">
     <span class='ocr_line' id='line_1_18' title="bbox 123 1823 1754 1879; baseline -0.001 -12"><span class='ocrx_word' id='word_1_123' title='bbox 123 1823 363 1879; x_wconf 87' lang='lat' dir='ltr'>Sporaugia</span> <span class='ocrx_word' id='word_1_124' title='bbox 390 1834 517 1866; x_wconf 89' lang='lat' dir='ltr'>secus</span> <span class='ocrx_word' id='word_1_125' title='bbox 549 1834 709 1866; x_wconf 89' lang='lat' dir='ltr'>nervos</span> <span class='ocrx_word' id='word_1_126' title='bbox 731 1823 1013 1866; x_wconf 82' lang='lat' dir='ltr'>secundarios</span> <span class='ocrx_word' id='word_1_127' title='bbox 1036 1823 1128 1866; x_wconf 85' lang='lat' dir='ltr'>fere</span> <span class='ocrx_word' id='word_1_128' title='bbox 1152 1826 1238 1866; x_wconf 76' lang='lat' dir='ltr'>tota</span> <span class='ocrx_word' id='word_1_129' title='bbox 1267 1823 1537 1876; x_wconf 84' lang='lat' dir='ltr'>longitudine</span> <span class='ocrx_word' id='word_1_130' title='bbox 1566 1825 1605 1866; x_wconf 92' lang='lat' dir='ltr'>in</span> <span class='ocrx_word' id='word_1_131' title='bbox 1631 1836 1754 1867; x_wconf 88' lang='lat' dir='ltr'>soros</span> 
     </span>
     <span class='ocr_line' id='line_1_19' title="bbox 62 1882 1753 1938; baseline -0.001 -12"><span class='ocrx_word' id='word_1_132' title='bbox 62 1883 160 1937; x_wconf 88' lang='lat' dir='ltr'>plus</span> <span class='ocrx_word' id='word_1_133' title='bbox 199 1883 343 1925; x_wconf 89' lang='lat' dir='ltr'>minus</span> <span class='ocrx_word' id='word_1_134' title='bbox 376 1882 627 1925; x_wconf 78' lang='lat' dir='ltr'>manifestos</span> <span class='ocrx_word' id='word_1_135' title='bbox 665 1882 966 1925; x_wconf 87' lang='lat' dir='ltr'>exindusiatos</span> <span class='ocrx_word' id='word_1_136' title='bbox 1008 1883 1146 1925; x_wconf 83' lang='lat' dir='ltr'>laxius</span> <span class='ocrx_word' id='word_1_137' title='bbox 1190 1883 1255 1924; x_wconf 89' lang='lat' dir='ltr'>vel</span> <span class='ocrx_word' id='word_1_138' title='bbox 1300 1883 1479 1925; x_wconf 78' lang='lat' dir='ltr'>densius</span> <span class='ocrx_word' id='word_1_139' title='bbox 1524 1883 1753 1938; x_wconf 87' lang='lat' dir='ltr'>disposita.</span> 
     </span>
     <span class='ocr_line' id='line_1_20' title="bbox 63 1940 1749 1996; baseline -0.003 -11"><span class='ocrx_word' id='word_1_140' title='bbox 63 1941 205 1985; x_wconf 89' lang='lat' dir='ltr'>Frons</span> <span class='ocrx_word' id='word_1_141' title='bbox 231 1941 294 1996; x_wconf 82' lang='lat' dir='ltr'>(in</span> <span class='ocrx_word' id='word_1_142' title='bbox 331 1941 498 1995; x_wconf 79' lang='lat' dir='ltr'>nostra)</span> <span class='ocrx_word' id='word_1_143' title='bbox 534 1941 827 1995; x_wconf 81' lang='lat' dir='ltr'>decomposita</span> <span class='ocrx_word' id='word_1_144' title='bbox 857 1940 1013 1984; x_wconf 83' lang='lat' dir='ltr'>subtus</span> <span class='ocrx_word' id='word_1_145' title='bbox 1052 1941 1187 1995; x_wconf 86' lang='lat' dir='ltr'>paleis</span> <span class='ocrx_word' id='word_1_146' title='bbox 1227 1941 1432 1984; x_wconf 87' lang='lat' dir='ltr'>destituta</span> <span class='ocrx_word' id='word_1_147' title='bbox 1473 1946 1515 1983; x_wconf 87' lang='lat' dir='ltr'>et</span> <span class='ocrx_word' id='word_1_148' title='bbox 1554 1943 1749 1984; x_wconf 80' lang='lat' dir='ltr'>sorifera.</span> 
     </span>
     <span class='ocr_line' id='line_1_21' title="bbox 60 1999 1755 2054; baseline -0.001 -11"><span class='ocrx_word' id='word_1_149' title='bbox 60 2000 254 2045; x_wconf 89' lang='lat' dir='ltr'>Petiolus</span> <span class='ocrx_word' id='word_1_150' title='bbox 279 2010 375 2043; x_wconf 88' lang='lat' dir='ltr'>cum</span> <span class='ocrx_word' id='word_1_151' title='bbox 407 2000 644 2043; x_wconf 85' lang='lat' dir='ltr'>rbizomate</span> <span class='ocrx_word' id='word_1_152' title='bbox 666 2000 912 2043; x_wconf 83' lang='lat' dir='ltr'>continuus.</span> <span class='ocrx_word' id='word_1_153' title='bbox 939 2024 992 2031; x_wconf 91' lang='lat'><strong>—</strong></span> <span class='ocrx_word' id='word_1_154' title='bbox 1016 1999 1166 2043; x_wconf 87' lang='lat' dir='ltr'>Genus</span> <span class='ocrx_word' id='word_1_155' title='bbox 1193 2000 1320 2042; x_wconf 89' lang='lat' dir='ltr'>nimis</span> <span class='ocrx_word' id='word_1_156' title='bbox 1344 2000 1628 2043; x_wconf 82' lang='lat' dir='ltr'>artificialiter</span> <span class='ocrx_word' id='word_1_157' title='bbox 1656 2012 1755 2054; x_wconf 89' lang='lat' dir='ltr'>spe-</span> 
     </span>
     <span class='ocr_line' id='line_1_22' title="bbox 62 2059 1231 2114; baseline -0.001 -12"><span class='ocrx_word' id='word_1_158' title='bbox 62 2060 153 2103; x_wconf 90' lang='lat' dir='ltr'>cies</span> <span class='ocrx_word' id='word_1_159' title='bbox 175 2060 323 2103; x_wconf 89' lang='lat' dir='ltr'>habitu</span> <span class='ocrx_word' id='word_1_160' title='bbox 351 2062 394 2102; x_wconf 86' lang='lat' dir='ltr'>et</span> <span class='ocrx_word' id='word_1_161' title='bbox 415 2059 740 2103; x_wconf 79' lang='lat' dir='ltr'>characteribus</span> <span class='ocrx_word' id='word_1_162' title='bbox 762 2059 927 2102; x_wconf 84' lang='lat' dir='ltr'>alienas</span> <span class='ocrx_word' id='word_1_163' title='bbox 951 2059 1231 2114; x_wconf 86' lang='lat' dir='ltr'>amplectens.</span> 
     </span>
    </p>
   </div>
   <div class='ocr_carea' id='block_1_10' title="bbox 59 2185 1757 2861">
    <p class='ocr_par' dir='ltr' id='par_1_10' title="bbox 59 2185 1757 2597">
     <span class='ocr_line' id='line_1_23' title="bbox 124 2185 1757 2244; baseline -0.001 -14"><span class='ocrx_word' id='word_1_164' title='bbox 124 2187 164 2230; x_wconf 83' lang='grc'>1.</span> <span class='ocrx_word' id='word_1_165' title='bbox 190 2188 250 2232; x_wconf 83' lang='lat' dir='ltr'>G.</span> <span class='ocrx_word' id='word_1_166' title='bbox 278 2187 653 2244; x_wconf 78' lang='lat' dir='ltr'>leptophylla</span> <span class='ocrx_word' id='word_1_167' title='bbox 692 2187 760 2243; x_wconf 93' lang='lat' dir='ltr'>(L.</span> <span class='ocrx_word' id='word_1_168' title='bbox 792 2187 864 2243; x_wconf 87' lang='lat' dir='ltr'>Sp.</span> <span class='ocrx_word' id='word_1_169' title='bbox 890 2185 1004 2230; x_wconf 73' lang='lat'>1553</span> <span class='ocrx_word' id='word_1_170' title='bbox 1038 2187 1120 2230; x_wconf 87' lang='lat' dir='ltr'>sub</span> <span class='ocrx_word' id='word_1_171' title='bbox 1151 2187 1411 2242; x_wconf 74' lang='lat' dir='ltr'>Polypodio)</span> <span class='ocrx_word' id='word_1_172' title='bbox 1443 2199 1584 2229; x_wconf 90' lang='lat' dir='ltr'>annua</span> <span class='ocrx_word' id='word_1_173' title='bbox 1619 2187 1757 2241; x_wconf 84' lang='lat' dir='ltr'>cespi—</span> 
     </span>
     <span class='ocr_line' id='line_1_24' title="bbox 59 2245 1756 2301; baseline -0.003 -9"><span class='ocrx_word' id='word_1_174' title='bbox 59 2252 167 2299; x_wconf 82' lang='lat' dir='ltr'>tosa‚</span> <span class='ocrx_word' id='word_1_175' title='bbox 192 2247 419 2290; x_wconf 79' lang='lat' dir='ltr'>frondibus</span> <span class='ocrx_word' id='word_1_176' title='bbox 439 2248 601 2292; x_wconf 88' lang='lat' dir='ltr'>teneris</span> <span class='ocrx_word' id='word_1_177' title='bbox 630 2247 858 2301; x_wconf 88' lang='lat' dir='ltr'>pellucidis</span> <span class='ocrx_word' id='word_1_178' title='bbox 880 2246 1146 2290; x_wconf 84' lang='lat' dir='ltr'>abbreviatis</span> <span class='ocrx_word' id='word_1_179' title='bbox 1185 2247 1356 2300; x_wconf 83' lang='lat' dir='ltr'>petiolis</span> <span class='ocrx_word' id='word_1_180' title='bbox 1396 2246 1632 2300; x_wconf 87' lang='lat' dir='ltr'>purpureis</span> <span class='ocrx_word' id='word_1_181' title='bbox 1667 2245 1756 2288; x_wconf 83' lang='lat' dir='ltr'>suf-</span> 
     </span>
     <span class='ocr_line' id='line_1_25' title="bbox 63 2304 1757 2361; baseline -0.003 -10"><span class='ocrx_word' id='word_1_182' title='bbox 63 2307 187 2351; x_wconf 81' lang='lat' dir='ltr'>[ultis</span> <span class='ocrx_word' id='word_1_183' title='bbox 213 2306 374 2361; x_wconf 76' lang='lat' dir='ltr'>glabris</span> <span class='ocrx_word' id='word_1_184' title='bbox 406 2307 658 2361; x_wconf 77' lang='lat' dir='ltr'>Junioribus</span> <span class='ocrx_word' id='word_1_185' title='bbox 692 2305 965 2349; x_wconf 86' lang='lat' dir='ltr'>brevissimis</span> <span class='ocrx_word' id='word_1_186' title='bbox 996 2306 1295 2360; x_wconf 87' lang='lat' dir='ltr'>pinnatisectis</span> <span class='ocrx_word' id='word_1_187' title='bbox 1337 2305 1481 2358; x_wconf 89' lang='lat' dir='ltr'>pinnis</span> <span class='ocrx_word' id='word_1_188' title='bbox 1515 2304 1757 2352; x_wconf 69' lang='lat' dir='ltr'>ssabellatis,</span> 
     </span>
     <span class='ocr_line' id='line_1_26' title="bbox 63 2363 1755 2420; baseline -0.004 -10"><span class='ocrx_word' id='word_1_189' title='bbox 63 2366 232 2410; x_wconf 85' lang='lat' dir='ltr'>caeteris</span> <span class='ocrx_word' id='word_1_190' title='bbox 280 2365 680 2420; x_wconf 77' lang='lat' dir='ltr'>‘2-3-pinuatisectis</span> <span class='ocrx_word' id='word_1_191' title='bbox 722 2365 959 2419; x_wconf 82' lang='lat' dir='ltr'>segmentis</span> <span class='ocrx_word' id='word_1_192' title='bbox 1000 2365 1403 2408; x_wconf 80' lang='lat' dir='ltr'>obovato-cuueatis</span> <span class='ocrx_word' id='word_1_193' title='bbox 1451 2364 1615 2413; x_wconf 86' lang='lat' dir='ltr'>incisis,</span> <span class='ocrx_word' id='word_1_194' title='bbox 1642 2363 1755 2405; x_wconf 89' lang='lat' dir='ltr'>soris</span> 
     </span>
     <span class='ocr_line' id='line_1_27' title="bbox 63 2423 1753 2477; baseline -0.003 -9"><span class='ocrx_word' id='word_1_195' title='bbox 63 2437 190 2469; x_wconf 87' lang='lat' dir='ltr'>secus</span> <span class='ocrx_word' id='word_1_196' title='bbox 212 2437 347 2468; x_wconf 85' lang='lat' dir='ltr'>venas</span> <span class='ocrx_word' id='word_1_197' title='bbox 379 2424 519 2469; x_wconf 86' lang='lat' dir='ltr'>ultimi</span> <span class='ocrx_word' id='word_1_198' title='bbox 549 2424 716 2467; x_wconf 90' lang='lat' dir='ltr'>ordinis</span> <span class='ocrx_word' id='word_1_199' title='bbox 753 2425 913 2466; x_wconf 88' lang='lat' dir='ltr'>liberas</span> <span class='ocrx_word' id='word_1_200' title='bbox 937 2423 1384 2477; x_wconf 84' lang='lat' dir='ltr'>oblongo-linearibus</span> <span class='ocrx_word' id='word_1_201' title='bbox 1404 2423 1593 2476; x_wconf 82' lang='lat' dir='ltr'>deniquo</span> <span class='ocrx_word' id='word_1_202' title='bbox 1624 2425 1753 2464; x_wconf 84' lang='lat' dir='ltr'>totam</span> 
     </span>
     <span class='ocr_line' id='line_1_28' title="bbox 63 2479 1754 2540; baseline -0.004 -13"><span class='ocrx_word' id='word_1_203' title='bbox 63 2484 261 2540; x_wconf 80' lang='lat' dir='ltr'>paginam</span> <span class='ocrx_word' id='word_1_204' title='bbox 289 2484 536 2527; x_wconf 78' lang='lat' dir='ltr'>inferiorem</span> <span class='ocrx_word' id='word_1_205' title='bbox 561 2483 882 2537; x_wconf 86' lang='lat' dir='ltr'>obtegentibus.</span> <span class='ocrx_word' id='word_1_206' title='bbox 925 2487 997 2534; x_wconf 73' lang='grc' dir='ltr'>Θ.</span> <span class='ocrx_word' id='word_1_207' title='bbox 1042 2482 1093 2525; x_wconf 87' lang='lat' dir='ltr'>lc.</span> <span class='ocrx_word' id='word_1_208' title='bbox 1119 2482 1283 2525; x_wconf 83' lang='lat' dir='ltr'>Barrel.</span> <span class='ocrx_word' id='word_1_209' title='bbox 1312 2483 1410 2523; x_wconf 72' lang='lat'>43¹.</span> <span class='ocrx_word' id='word_1_210' title='bbox 1449 2482 1583 2523; x_wconf 84' lang='lat' dir='ltr'>llook.</span> <span class='ocrx_word' id='word_1_211' title='bbox 1611 2485 1652 2522; x_wconf 87' lang='lat' dir='ltr'>et</span> <span class='ocrx_word' id='word_1_212' title='bbox 1680 2479 1754 2522; x_wconf 87' lang='lat' dir='ltr'>Gr.</span> 
     </span>
     <span class='ocr_line' id='line_1_29' title="bbox 62 2540 1608 2597; baseline -0.005 -11"><span class='ocrx_word' id='word_1_213' title='bbox 62 2543 147 2587; x_wconf 89' lang='lat' dir='ltr'>tab.</span> <span class='ocrx_word' id='word_1_214' title='bbox 181 2545 251 2587; x_wconf 75' lang='lat'>25.</span> <span class='ocrx_word' id='word_1_215' title='bbox 275 2567 331 2574; x_wconf 95' lang='lat'><strong>—</strong></span> <span class='ocrx_word' id='word_1_216' title='bbox 353 2542 402 2588; x_wconf 90' lang='lat' dir='ltr'>G.</span> <span class='ocrx_word' id='word_1_217' title='bbox 428 2541 695 2597; x_wconf 74' lang='lat' dir='ltr'>leptophylta</span> <span class='ocrx_word' id='word_1_218' title='bbox 719 2542 852 2585; x_wconf 86' lang='lat' dir='ltr'>Desv.</span> <span class='ocrx_word' id='word_1_219' title='bbox 879 2566 932 2572; x_wconf 92' lang='lat'><strong>—</strong></span> <span class='ocrx_word' id='word_1_220' title='bbox 961 2540 1218 2584; x_wconf 78' lang='lat' dir='ltr'>Grammilis</span> <span class='ocrx_word' id='word_1_221' title='bbox 1242 2540 1504 2593; x_wconf 66' lang='lat' dir='ltr'>leptopleylla</span> <span class='ocrx_word' id='word_1_222' title='bbox 1525 2541 1608 2582; x_wconf 81' lang='lat' dir='ltr'>Sw.</span> 
     </span>
    </p>

    <p class='ocr_par' dir='ltr' id='par_1_11' title="bbox 61 2623 1756 2861">
     <span class='ocr_line' id='line_1_30' title="bbox 102 2623 1756 2673; baseline -0.003 -12"><span class='ocrx_word' id='word_1_223' title='bbox 102 2625 212 2662; x_wconf 84' lang='lat' dir='ltr'>Hab.</span> <span class='ocrx_word' id='word_1_224' title='bbox 225 2627 265 2662; x_wconf 90' lang='lat' dir='ltr'>in</span> <span class='ocrx_word' id='word_1_225' title='bbox 287 2637 326 2663; x_wconf 90' lang='lat' dir='ltr'>cr</span> <span class='ocrx_word' id='word_1_226' title='bbox 356 2627 448 2673; x_wconf 81' lang='lat' dir='ltr'>ptis,</span> <span class='ocrx_word' id='word_1_227' title='bbox 462 2625 676 2671; x_wconf 74' lang='lat' dir='ltr'>lacunosis,</span> <span class='ocrx_word' id='word_1_228' title='bbox 690 2626 814 2661; x_wconf 83' lang='lat' dir='ltr'>muris</span> <span class='ocrx_word' id='word_1_229' title='bbox 830 2626 1026 2661; x_wconf 72' lang='lat' dir='ltr'>umbrosis</span> <span class='ocrx_word' id='word_1_230' title='bbox 1046 2625 1217 2671; x_wconf 75' lang='lat' dir='ltr'>regionis</span> <span class='ocrx_word' id='word_1_231' title='bbox 1235 2624 1439 2662; x_wconf 75' lang='lat' dir='ltr'>inferioris.</span> <span class='ocrx_word' id='word_1_232' title='bbox 1462 2623 1756 2669; x_wconf 64' lang='lat' dir='ltr'>Peloponnesus</span> 
     </span>
     <span class='ocr_line' id='line_1_31' title="bbox 61 2670 1753 2719; baseline -0.004 -11"><span class='ocrx_word' id='word_1_233' title='bbox 61 2671 216 2719; x_wconf 84' lang='lat' dir='ltr'>(Bory),</span> <span class='ocrx_word' id='word_1_234' title='bbox 237 2673 327 2709; x_wconf 88' lang='lat' dir='ltr'>AEto</span> <span class='ocrx_word' id='word_1_235' title='bbox 347 2673 570 2719; x_wconf 87' lang='lat' dir='ltr'>ia(Nied!),</span> <span class='ocrx_word' id='word_1_236' title='bbox 584 2673 868 2718; x_wconf 76' lang='lat' dir='ltr'>Atticaffleldr</span> <span class='ocrx_word' id='word_1_237' title='bbox 883 2675 922 2717; x_wconf 83' lang='lat' dir='ltr'>l),</span> <span class='ocrx_word' id='word_1_238' title='bbox 944 2672 1136 2718; x_wconf 75' lang='lat' dir='ltr'>Cyclades</span> <span class='ocrx_word' id='word_1_239' title='bbox 1151 2672 1261 2715; x_wconf 89' lang='lat' dir='ltr'>(Urv.</span> <span class='ocrx_word' id='word_1_240' title='bbox 1274 2674 1294 2714; x_wconf 75' lang='lat' dir='ltr'>l,</span> <span class='ocrx_word' id='word_1_241' title='bbox 1307 2671 1533 2710; x_wconf 74' lang='lat' dir='ltr'>Zacynthus</span> <span class='ocrx_word' id='word_1_242' title='bbox 1555 2670 1753 2713; x_wconf 69' lang='lat' dir='ltr'>(Weissl),</span> 
     </span>
     <span class='ocr_line' id='line_1_32' title="bbox 62 2716 1754 2768; baseline -0.004 -13"><span class='ocrx_word' id='word_1_243' title='bbox 62 2718 178 2755; x_wconf 81' lang='lat' dir='ltr'>Creta</span> <span class='ocrx_word' id='word_1_244' title='bbox 197 2720 309 2765; x_wconf 87' lang='lat' dir='ltr'>(Sieb</span> <span class='ocrx_word' id='word_1_245' title='bbox 327 2722 364 2762; x_wconf 81' lang='lat' dir='ltr'>tl,</span> <span class='ocrx_word' id='word_1_246' title='bbox 383 2720 504 2767; x_wconf 78' lang='lat' dir='ltr'>Lycia</span> <span class='ocrx_word' id='word_1_247' title='bbox 526 2721 674 2767; x_wconf 84' lang='lat' dir='ltr'>(Bourg</span> <span class='ocrx_word' id='word_1_248' title='bbox 692 2722 731 2765; x_wconf 88' lang='lat' dir='ltr'>l),</span> <span class='ocrx_word' id='word_1_249' title='bbox 753 2721 907 2767; x_wconf 78' lang='lat' dir='ltr'>Cyprus</span> <span class='ocrx_word' id='word_1_250' title='bbox 929 2720 1058 2764; x_wconf 81' lang='lat' dir='ltr'>(Kyl),</span> <span class='ocrx_word' id='word_1_251' title='bbox 1080 2719 1194 2764; x_wconf 80' lang='lat' dir='ltr'>Syria</span> <span class='ocrx_word' id='word_1_252' title='bbox 1229 2718 1409 2753; x_wconf 71' lang='lat' dir='ltr'>littoralis</span> <span class='ocrx_word' id='word_1_253' title='bbox 1427 2718 1547 2757; x_wconf 74' lang='lat' dir='ltr'>(tiaill</span> <span class='ocrx_word' id='word_1_254' title='bbox 1565 2719 1603 2761; x_wconf 83' lang='lat'>!),</span> <span class='ocrx_word' id='word_1_255' title='bbox 1624 2716 1754 2768; x_wconf 51' lang='lat' dir='ltr'>Palesf</span> 
     </span>
     <span class='ocr_line' id='line_1_33' title="bbox 61 2764 1756 2815; baseline -0.003 -13"><span class='ocrx_word' id='word_1_256' title='bbox 61 2766 156 2812; x_wconf 82' lang='lat' dir='ltr'>tina,</span> <span class='ocrx_word' id='word_1_257' title='bbox 190 2777 305 2803; x_wconf 88' lang='lat' dir='ltr'>mons</span> <span class='ocrx_word' id='word_1_258' title='bbox 337 2767 496 2814; x_wconf 76' lang='lat' dir='ltr'>Sindjar</span> <span class='ocrx_word' id='word_1_259' title='bbox 530 2767 827 2815; x_wconf 86' lang='lat' dir='ltr'>Mesopotamiae</span> <span class='ocrx_word' id='word_1_260' title='bbox 858 2767 1089 2812; x_wconf 81' lang='lat' dir='ltr'>(Hausskt),</span> <span class='ocrx_word' id='word_1_261' title='bbox 1123 2766 1249 2802; x_wconf 77' lang='lat' dir='ltr'>insula</span> <span class='ocrx_word' id='word_1_262' title='bbox 1286 2764 1434 2800; x_wconf 73' lang='lat' dir='ltr'>lx&#39;arrak</span> <span class='ocrx_word' id='word_1_263' title='bbox 1467 2765 1578 2799; x_wconf 72' lang='lat' dir='ltr'>sinus</span> <span class='ocrx_word' id='word_1_264' title='bbox 1613 2764 1756 2799; x_wconf 74' lang='lat' dir='ltr'>Persici</span> 
     </span>
     <span class='ocr_line' id='line_1_34' title="bbox 62 2813 936 2861; baseline -0.001 -12"><span class='ocrx_word' id='word_1_265' title='bbox 62 2813 200 2861; x_wconf 87' lang='lat' dir='ltr'>(Kyl),</span> <span class='ocrx_word' id='word_1_266' title='bbox 220 2814 371 2850; x_wconf 88' lang='lat' dir='ltr'>Pontus</span> <span class='ocrx_word' id='word_1_267' title='bbox 389 2815 555 2851; x_wconf 85' lang='lat' dir='ltr'>Lazicus</span> <span class='ocrx_word' id='word_1_268' title='bbox 576 2814 624 2850; x_wconf 85' lang='lat' dir='ltr'>ad</span> <span class='ocrx_word' id='word_1_269' title='bbox 651 2815 774 2850; x_wconf 74' lang='lat' dir='ltr'>Rhize</span> <span class='ocrx_word' id='word_1_270' title='bbox 795 2813 936 2859; x_wconf 87' lang='lat' dir='ltr'>(Ball).</span> 
     </span>
    </p>
   </div>
   <div class='ocr_carea' id='block_1_11' title="bbox 61 2884 1756 2981">
    <p class='ocr_par' dir='ltr' id='par_1_12' title="bbox 61 2884 1756 2981">
     <span class='ocr_line' id='line_1_35' title="bbox 108 2884 1756 2933; baseline -0.004 -10"><span class='ocrx_word' id='word_1_271' title='bbox 108 2886 171 2922; x_wconf 71' lang='lat' dir='ltr'>Ar.</span> <span class='ocrx_word' id='word_1_272' title='bbox 188 2887 320 2933; x_wconf 72' lang='lat' dir='ltr'>Gooqr.</span> <span class='ocrx_word' id='word_1_273' title='bbox 336 2886 459 2933; x_wconf 85' lang='lat' dir='ltr'>Regio</span> <span class='ocrx_word' id='word_1_274' title='bbox 477 2887 761 2923; x_wconf 77' lang='lat' dir='ltr'>mediterranea</span> <span class='ocrx_word' id='word_1_275' title='bbox 781 2887 948 2933; x_wconf 81' lang='lat' dir='ltr'>Europae</span> <span class='ocrx_word' id='word_1_276' title='bbox 972 2889 1010 2921; x_wconf 75' lang='lat' dir='ltr'>et</span> <span class='ocrx_word' id='word_1_277' title='bbox 1030 2886 1167 2921; x_wconf 66' lang='lat' dir='ltr'>Africae</span> <span class='ocrx_word' id='word_1_278' title='bbox 1183 2884 1364 2925; x_wconf 62' lang='lat' dir='ltr'>borealis,</span> <span class='ocrx_word' id='word_1_279' title='bbox 1384 2884 1524 2919; x_wconf 66' lang='lat' dir='ltr'>1nsula»</span> <span class='ocrx_word' id='word_1_280' title='bbox 1544 2884 1756 2918; x_wconf 76' lang='lat' dir='ltr'>Canarien-</span> 
     </span>
     <span class='ocr_line' id='line_1_36' title="bbox 61 2931 1518 2981; baseline -0.002 -13"><span class='ocrx_word' id='word_1_281' title='bbox 61 2942 137 2978; x_wconf 87' lang='lat' dir='ltr'>ses,</span> <span class='ocrx_word' id='word_1_282' title='bbox 155 2933 327 2979; x_wconf 62' lang='lat' dir='ltr'>Madent,</span> <span class='ocrx_word' id='word_1_283' title='bbox 348 2934 579 2981; x_wconf 83' lang='lat' dir='ltr'>Abyssinia,</span> <span class='ocrx_word' id='word_1_284' title='bbox 601 2934 726 2980; x_wconf 77' lang='lat' dir='ltr'>India,</span> <span class='ocrx_word' id='word_1_285' title='bbox 746 2935 923 2969; x_wconf 81' lang='lat' dir='ltr'>Ameriea</span> <span class='ocrx_word' id='word_1_286' title='bbox 945 2933 1141 2976; x_wconf 58' lang='lat' dir='ltr'>australis,</span> <span class='ocrx_word' id='word_1_287' title='bbox 1161 2932 1272 2967; x_wconf 73' lang='lat' dir='ltr'>Nova</span> <span class='ocrx_word' id='word_1_288' title='bbox 1297 2931 1518 2967; x_wconf 75' lang='lat' dir='ltr'>Hollandia.</span> 
     </span>
    </p>
   </div>
  </div>
 </body>
</html>
