2089 3246
182 259 332 297 Arum.
954 263 1126 289 ARAGEAE
1843 254 1891 291 39

184 339 280 375 lices
298 338 451 373 tantuin
471 335 601 381 longa.
629 335 758 370 Affine
778 333 938 369 videtur
968 334 1019 369 A.
1047 333 1070 369 h
1100 333 1279 381 yrophilo
1311 343 1394 369 var.
1417 333 1453 379 β,
1473 333 1578 369 foliis
1599 333 1682 368 basi
1702 337 1832 380 aperte
1852 337 1888 370 et

187 395 329 432 parum
349 382 542 430 profunde
559 381 730 418 cordatis
749 382 934 417 auriculis
963 381 1074 417 brevi
1109 392 1152 417 us
1171 380 1436 418 obtusissimis
1453 381 1693 427 discrepans.
1717 382 1887 418 Ulterius

183 430 498 468 observandum.

247 533 286 574 8.
319 532 379 576 A.
407 529 711 574 Orientale
756 529 869 584 (ΜΒ.
906 529 1039 572 Taur.
1074 527 1199 572 Cauc.
1232 528 1287 581 Il,
1318 541 1357 582 p.
1385 528 1492 582 407)
1521 528 1675 570 tubere
1714 530 1887 582 subglo—

189 592 308 641 bose,
333 590 504 646 petiolis
531 590 688 631 lamina
716 589 885 643 3·4-plo
910 589 1192 642 longioribus,
1221 588 1333 630 soliis
1373 599 1487 641 saepe
1515 589 1886 641 nigro-maculatis

187 649 592 703 hastato-sagittatis
611 648 720 691 lobis
737 648 1229 701 ovato-triangularibus
1245 647 1562 690 obtusinsculis
1580 646 1887 699 subdivergen—

186 709 321 762 tibuS‚
349 708 593 764 pedunculo
622 707 793 761 petiolis
817 707 1023 759 longiore,
1051 707 1216 760 spathae
1254 706 1357 748 tubo
1385 706 1569 759 oblongo
1595 707 1751 748 lamina
1791 708 1890 760 plus

182 770 334 811 minus
381 769 551 810 intense
584 769 805 820 purpurea
848 767 914 809 vel
956 766 1078 819 nigra
1120 767 1144 808 2
1195 765 1389 819 ¹s2-3—plo
1434 765 1655 815 breviore,
1703 767 1891 818 spadicis

184 827 366 870 dimidia
389 826 542 881 spatha
571 826 779 877 longioris
804 826 951 879 stipite
977 826 1019 867 in
1045 827 1208 868 clavam
1235 836 1503 878 purpuream
1524 828 1698 867 tenuem
1727 837 1775 866 eo
1801 825 1894 867 lon-

182 887 351 939 giorem
394 887 612 941 ampliato,
638 885 797 927 florum
836 884 1123 927 femineorum
1161 884 1322 927 annulo
1359 884 1564 926 masculis
1601 884 1770 937 Q-ss-plo
1798 885 1890 927 lon—

183 946 321 1000 giore,
356 945 616 998 genitalibus
649 944 860 987 abortivis
889 943 1046 987 subtus
1080 947 1123 986 et
1149 956 1281 997 supra
1311 943 1523 985 annulum
1562 943 1801 986 masculum
1838 943 1890 984 ab

181 1016 236 1046 eo
260 1005 440 1047 remotis
467 1003 614 1058 paucis
642 1003 895 1057 longissime
918 1003 1100 1047 setaceis
1131 1009 1192 1052 36.
1218 1002 1267 1044 A.
1290 1001 1540 1056 Phrygium
1558 1001 1696 1044 Boiss.
1732 1002 1774 1043 in
1798 1002 1888 1044 Bal.

186 1063 250 1106 Pl.
274 1064 401 1107 Anat.
424 1075 513 1106 exs.

232 1148 337 1184 Hah.
357 1149 397 1184 in
415 1147 601 1184 Anatolia
619 1147 773 1184 boreali
791 1147 840 1183 ad
862 1147 964 1192 Boli,
985 1146 1208 1189 Safranbol,
1227 1147 1441 1182 Mersiwan
1466 1145 1697 1190 (Wiedem),
1717 1145 1890 1191 Phrygia

180 1195 235 1231 ad
255 1195 559 1239 Yaeliainichlar
591 1195 708 1230 Khan
740 1205 863 1242 prope
889 1194 1055 1230 Onchak
1086 1194 1175 1239 (Bal
1191 1196 1217 1239 l)
1253 1195 1293 1229 in
1316 1194 1462 1229 'sauri-a
1491 1193 1624 1237 (Stevl
1653 1193 1832 1239 Reium),
1851 1196 1890 1229 in

179 1242 310 1279 Iberia
327 1243 543 1278 Caucasica
562 1243 612 1278 ad
631 1242 744 1278 Tissis
766 1242 895 1289 (Rupr
912 1244 953 1289 l).

246 1319 276 1373 β
301 1318 565 1372 elonyatum.
599 1342 657 1350 —
682 1319 903 1362 Foliorum
934 1319 1089 1361 lamina
1124 1318 1334 1370 elongata,
1362 1317 1514 1372 spatha
1558 1316 1756 1370 pallidior
1797 1318 1892 1359 6-8-

187 1379 421 1433 polliceris.
451 1403 504 1409 —
528 1378 579 1420 A.
612 1378 862 1431 elonfflztum
896 1378 1014 1422 Stev.
1043 1378 1167 1420 Verz.
1202 1377 1335 1419 Taur.
1362 1389 1402 1430 p.
1437 1377 1538 1419 319.
1579 1399 1635 1406 —-
1662 1376 1712 1418 A.
1750 1376 1893 1418 Nord-

168 1437 333 1479 ‚manni
363 1437 512 1481 Schott
535 1437 639 1492 Syn.
674 1462 723 1468 -
751 1437 803 1479 A.
833 1437 1105 1490 incomptum
1127 1436 1277 1480 Scliott
1300 1436 1443 1479 Prodr
1467 1437 1558 1478 88⁶?
1582 1447 1634 1477 ex
1658 1435 1830 1489 Engler.

230 1519 332 1555 Hah.
353 1521 391 1555 in
413 1521 561 1556 Tauria
582 1519 630 1556 ad
650 1519 809 1566 Alupka
830 1521 957 1563 (herb.
977 1522 1158 1565 ineuinl),
1177 1519 1301 1555 Ponto
1321 1519 1460 1555 Lazico
1482 1519 1530 1554 ad
1550 1519 1671 1554 Rliize
1689 1518 1791 1562 (Bal.
1809 1529 1889 1555 exs.

179 1567 614 1614 sub.Aalb1'spacl201).
652 1568 876 1614 Spe-cimina
911 1568 1137 1614 imperfecta
1167 1577 1187 1603 e
1219 1567 1367 1602 ditione
1404 1566 1576 1611 'Palyscli
1605 1567 1791 1612 (Buhsel)
1810 1569 1848 1603 et
1868 1576 1887 1602 e

179 1615 317 1652 Persia
337 1615 489 1652 boreali
509 1625 628 1662 prope
646 1615 769 1650 Siaret
791 1615 890 1661 (Bge
903 1617 929 1660 l)
957 1616 1033 1651 huc
1055 1625 1216 1662 quoque
1235 1613 1436 1650 referenda
1455 1613 1652 1649 videntur.

241 1712 266 1752 y
290 1695 471 1744 gratum
510 1692 630 1746 Engl.
655 1717 712 1724 —
745 1692 908 1747 Spatha
945 1692 1125 1746 oblonga
1170 1691 1275 1736 tubo
1299 1691 1419 1734 intus
1455 1704 1694 1746 purpureo,
1729 1691 1888 1734 lamina

179 1752 341 1794 virenti
382 1752 577 1805 margine
610 1753 1061 1806 purpureo-punctam
1087 1756 1127 1794 et
1171 1751 1270 1804 plus
1305 1751 1450 1794 minus
1483 1751 1666 1801 suffusa,
1699 1751 1887 1804 spadicis

177 1811 398 1864 appendix
422 1812 462 1853 in
490 1811 653 1854 clavam
684 1812 945 1854 crassiorem
969 1811 1115 1865 stipite
1134 1812 1214 1854 sua
1241 1810 1373 1866 duplo
1397 1810 1634 1863 longiorem
1655 1810 1887 1864 abruptius

178 1871 372 1913 dilatata.
395 1894 450 1902 —
475 1871 524 1912 A.
541 1873 724 1922 ‚qr-atum
747 1870 895 1913 Scliott
921 1870 1078 1913 Prodr.
1110 1871 1180 1913 89.

228 1950 328 1987 Hab.
340 1951 381 1987 in
394 1952 526 1987 Tauro
545 1951 708 1988 Cilicico
726 1952 818 1997 (ΚΥ.
834 1962 880 1987 ex
897 1951 1060 1997 Senon),
1078 1951 1191 1998 Syria
1210 1951 1360 1987 boreali
1377 1951 1427 1986 ad
1438 1950 1650 1987 Ainbeitba
1665 1951 1847 1996 (Ilanssk
1860 1953 1886 1996 ἓ)

174 1998 335 2036 ‘Libano
355 2000 406 2035 ad
430 2000 642 2035 Cedretum
659 1999 778 2036 5000’
801 1999 894 2044 (Ky.
915 1999 978 2035 281
997 2001 1025 2045 l)
1052 2002 1089 2035 et
1111 2010 1233 2046 supra
1252 2000 1409 2036 Dimam
1429 1998 1554 2043 (1311).

232 2063 388 2109 Species
407 2064 542 2109 quoad
566 2064 711 2099 formas
732 2064 909 2099 diversas
929 2063 1108 2099 nondum
1127 2066 1187 2099 sat
1204 2065 1298 2098 nota
1315 2063 1444 2098 affinis
1470 2062 1518 2098 A.
1540 2062 1743 2098 maculato
1767 2073 1790 2097 a
1807 2072 1887 2109 quo

180 2109 314 2145 differt
347 2110 484 2147 tubere
522 2110 687 2157 globoso
721 2111 906 2157 depresso
929 2112 998 2155 (an
1018 2111 1101 2146 haec
1120 2114 1215 2146 nota
1234 2112 1295 2146 sat
1314 2110 1428 2146 firma
1444 2112 1491 2154 1⁹),
1514 2111 1654 2145 ssornin
1688 2111 1797 2156 spic-:1
1835 2112 1887 2145 te-

181 2158 322 2193 nuiore
353 2158 393 2192 in
427 2158 683 2204 appendicem
710 2158 933 2203 longiorem
954 2158 1127 2201 abeunti,
1148 2158 1309 2193 annulis
1335 2159 1513 2193 masculo
1544 2161 1581 2192 et
1604 2158 1773 2193 femineo
1805 2156 1887 2192 fila-

182 2204 408 2251 mentisque
429 2206 634 2241 sterilibus
653 2207 754 2241 inter
773 2216 815 2241 se
836 2206 962 2250 magis
984 2206 1159 2241 remotis.
1185 2207 1234 2241 A.
1257 2204 1456 2242 Orientale
1474 2205 1593 2240 Rcbb.
1616 2206 1747 2240 Germ.
1771 2205 1848 2239 tab.
1865 2206 1888 2239 9

179 2253 244 2287 cui
277 2251 327 2288 A.
348 2251 500 2289 Petteri
517 2252 654 2288 Schott
679 2256 717 2288 et
748 2253 801 2288 A.
822 2254 985 2299 nissi-um
1013 2254 1060 2288 Ic.
1094 2254 1160 2289 Ar.
1196 2253 1273 2288 tab.
1293 2254 1339 2288 37
1360 2252 1408 2289 36
1435 2255 1477 2288 ut
1504 2262 1729 2297 synonyma
1762 2252 1886 2288 addu-

172 2299 306 2335 cenda
324 2303 418 2335 sunt
436 2303 494 2336 est
514 2300 626 2347 prob.
649 2300 697 2336 A.
719 2299 932 2337 Orz‘entalis
954 2301 1082 2336 forma
1099 2301 1213 2336 clava
1226 2301 1416 2336 crassiore
1434 2303 1472 2336 et
1490 2300 1680 2336 breviore.

227 2363 292 2398 Ar.
315 2364 450 2409 Geoqr.
478 2363 691 2400 Dalmatia.

183 2517 210 2568 ἓ
241 2516 283 2557 2.
311 2514 686 2560 Ootuberosa
721 2516 838 2569 Engl.
871 2541 929 2548 -
964 2517 1113 2560 Tuber
1149 2516 1526 2569 ovato-oblongum
1556 2515 1886 2559 liorizontaliter

447 2579 705 2631 protensum
733 2577 832 2619 solia
855 2581 897 2620 et
925 2577 1222 2631 pedunculum
1247 2577 1368 2631 apice
1394 2576 1622 2619 emittens.

241 2723 279 2765 9.
305 2721 365 2766 A.
388 2722 760 2766 maculatum
783 2723 850 2777 (L.
876 2722 947 2776 Sp.
980 2723 1114 2778 1370)
1149 2723 1305 2767 tubere
1344 2723 1691 2776 ovato-oblongo,
1718 2723 1888 2776 petiolis

180 2781 341 2824 lamina
366 2781 499 2835 duplo
526 2782 810 2836 longioribus,
840 2783 951 2825 soliis
980 2783 1383 2836 hastato-sagittatis
1420 2782 1529 2824 lobis
1558 2782 1888 2836 diver-gentibus

179 2840 365 2883 deflexis
413 2841 533 2885 fusco
553 2842 780 2884 maculatis
835 2842 899 2884 vel
958 2843 1272 2894 concolor-ibus,
1327 2842 1492 2895 spathae
1546 2840 1650 2884 tubo
1704 2841 1888 2896 oblongo

180 2900 341 2941 lamina
365 2899 808 2952 lanceolam-oblonga
834 2901 1146 2944 viridi-ssavida
1169 2902 1359 2944 violaceo
1395 2913 1511 2955 saepe
1549 2901 1718 2944 suffusa
1757 2902 1888 2955 triplo

177 2958 395 3009 brevmre,
422 2959 610 3014 spadicis
635 2961 789 3014 spatha
820 2961 925 3015 2-73
955 2962 1025 3015 plo
1055 2962 1270 3004 brevioris
1290 2959 1530 3016 appendice
1554 2972 1577 3002 e
1604 2961 1751 3014 stipite
1775 2961 1888 3003 ssavo

177 3017 222 3060 in
246 3018 408 3060 clavam
433 3030 701 3073 purpuream
721 3020 868 3075 stipite
897 3020 1141 3064 breviorem
1167 3021 1328 3064 sensim
1354 3020 1544 3073 dilatato,
1567 3019 1728 3063 annulo
1768 3020 1891 3062 semi-
