2089 3246
105 201 300 249 Ayrostis.
854 209 1078 236 GRAMINEAE
1745 204 1817 244 515

162 287 202 326 [ι.
240 283 303 326 A.
341 282 620 338 vulgaris
666 282 824 337 (With.
875 284 977 326 Arr.
1030 296 1070 337 p.
1123 282 1230 338 132)
1273 284 1492 337 perennis,
1531 285 1672 328 radice
1708 287 1808 340 plns

103 344 306 386 minusve
331 342 596 394 stolonifera,
622 342 774 383 culmis
802 343 961 385 erectis
987 342 1054 385 vel
1085 342 1444 394 ascendentibus,
1470 344 1582 386 soliis
1606 346 1814 389 omnibus

104 402 343 445 linearibus
372 400 512 454 planis
547 400 727 448 scabris,
756 401 886 454 ligula
910 402 1175 444 brevissima
1197 404 1408 454 truncata,
1438 404 1648 455 panicula}
1674 408 1812 447 ovatae

103 461 171 504 vel
197 461 391 514 oblongae
419 460 780 514 purpurascentis
823 462 890 502 vel
932 461 1133 503 violaceas
1167 461 1299 502 ramis
1334 461 1586 514 patentibus
1625 464 1815 516 asperis,

101 520 261 574 glumis
289 519 625 572 sabaequilongis
648 518 1107 572 oblongo-lanceolatis
1145 519 1286 562 acutis
1323 531 1516 572 superne
1542 520 1594 562 ad
1621 522 1814 566 carinam

102 580 268 622 scabris
294 582 503 629 czeterum
532 577 726 626 laevibus,
752 579 958 631 glumella
998 578 1158 631 glumis
1201 578 1491 621 subbreviore
1524 579 1644 633 apice
1672 581 1816 624 denti-

99 639 242 681 culata
269 638 433 691 paleam
462 636 595 690 duplo
619 641 857 691 superante
891 643 927 685 26
960 636 1013 679 A.
1041 636 1309 685 stolonifera
1336 637 1383 679 L.
1417 650 1469 680 ex
1500 642 1640 693 parte.
1671 664 1727 670 —
1756 640 1812 685 A.

101 696 278 749 hispida
302 695 452 738 Willd.

149 771 252 806 Hah.
272 772 312 806 in
338 769 557 815 sylvaticis.
577 771 699 815 pratis
714 770 870 816 alpinis,
886 771 1037 806 Pontus
1056 771 1223 806 Lazicus
1238 780 1360 816 prope
1378 770 1498 806 Rliize
1512 773 1549 806 et
1566 772 1809 811 Kliabackar

99 818 190 862 (Bal
205 821 230 856 l)
250 819 290 853 in
310 818 431 864 pratis
448 817 594 863 alpinis
616 828 734 864 prope
753 818 890 863 Djimil
907 817 1044 862 (Ball),
1062 819 1269 853 Caucasus
1288 817 1357 861 (M.
1373 817 1445 862 R),
1466 818 1664 853 Caucasus
1680 821 1808 857 orien-

102 865 194 900 talis
215 866 256 900 in
276 865 547 910 Dagliestania
570 874 695 910 usque
713 865 760 900 ad
781 864 908 901 10000’
928 866 1056 911 ‹Rupr
1070 867 1109 910 t),
1137 865 1309 910 Georgia
1341 865 1556 900 Caucasica
1586 866 1800 914 (Helleni),

98 912 216 947 vallis
237 912 371 959 Mei-ga
389 911 491 947 sauk
508 912 706 947 Arineniae
727 912 904 948 Turcieae
922 912 1028 958 (Kyl
1048 912 1184 958 Suppl.
1203 912 1275 947 536
1298 912 1373 947 sub
1390 912 1438 947 A.
1458 911 1605 949 σαηιῗνιᾶ
1624 924 1696 949 var
1711 917 1747 959 t).

157 984 202 1038 β.
224 984 426 1026 (tristata.
450 1008 508 1014 —
528 983 747 1026 Gluniella
767 984 897 1027 dorso
921 984 1056 1027 arista
1083 986 1201 1027 recta
1226 987 1402 1027 exserta
1429 986 1581 1027 obsita.

144 1068 246 1105 IIab.
267 1069 307 1104 in
327 1068 474 1115 alpinis
491 1068 665 1113 Graeciae,
684 1068 879 1114 Olympus
897 1068 1115 1104 Thessalus
1135 1068 1281 1112 (Aueh.
1298 1068 1441 1114 3052t).

145 1131 240 1167 Haec
261 1132 412 1178 species
432 1131 474 1165 in
494 1130 727 1165 editioribus
746 1130 913 1166 Caucasi
928 1130 1132 1166 orientalis
1144 1130 1291 1165 sensim
1309 1130 1505 1166 diminuta
1517 1130 1806 1177 5-6-pollicaris

96 1179 146 1214 A.
170 1178 353 1226 alpinam
372 1178 437 1214 vel
457 1181 682 1223 rupestrem
701 1178 876 1213 simulat.

141 1244 202 1279 Ar.
234 1245 367 1289 Geoqr.
391 1243 551 1289 Europa
572 1243 793 1288 praesertim
811 1242 981 1279 borealis
999 1244 1036 1278 et
1056 1242 1199 1286 media,
1226 1242 1412 1278 America
1437 1242 1628 1280 borealis.

155 1362 195 1403 5.
218 1361 280 1404 A.
306 1361 515 1405 Lazica
536 1361 650 1418 (Bal.
680 1361 722 1403 in
759 1360 870 1403 Bull.
896 1360 988 1403 Soc.
1015 1359 1108 1403 Bet.
1135 1359 1204 1403 Fr.
1247 1359 1366 1402 XXI.
1401 1373 1442 1414 p.
1481 1362 1532 1404 12
1577 1374 1629 1405 ex
1661 1364 1806 1416 parte]

93 1421 301 1474 perennis
330 1421 545 1474 cespitosa
567 1420 920 1471 substolonisera,
949 1420 1062 1462 foliis
1089 1419 1368 1462 surculorum
1397 1421 1613 1463 sterilium
1647 1434 1808 1476 angus·

93 1480 150 1522 tis
180 1479 439 1531 convolutis,
472 1480 654 1523 culmeis
692 1479 920 1521 latioribus
952 1479 1107 1532 planis,
1135 1478 1266 1532 ligula
1289 1479 1412 1522 brevi
1436 1483 1564 1523 ovata
1586 1484 1799 1534 truncata,

93 1539 248 1581 culmis
284 1539 519 1593 gracilibus
545 1538 723 1593 puniilis
758 1538 928 1580 inferne
967 1541 1138 1580 tantum
1171 1539 1372 1587 ramosiS,
1408 1539 1621 1592 paniculae
1656 1553 1804 1594 parvae

91 1602 323 1640 contractae
357 1602 543 1650 anguste
582 1598 761 1639 linearis
799 1597 1147 1651 subinterruptae
1186 1597 1320 1640 ramis
1353 1597 1565 1641 brevibus
1613 1599 1798 1650 strictis,

90 1656 251 1709 glumis
289 1658 526 1712 purpureis
556 1656 951 1709 ssavo-marginatis
989 1656 1240 1699 lanceolatis
1266 1657 1405 1699 acutis
1439 1657 1620 1700 laevibus
1650 1659 1801 1705 carina

91 1716 319 1769 scabridis,
347 1717 553 1770 glumella
580 1716 740 1770 glumis
776 1715 1065 1758 subbreviore
1095 1715 1178 1757 sub
1205 1715 1347 1758 medio
1377 1715 1506 1759 dorso
1539 1718 1674 1760 arista
1697 1718 1802 1761 sub-

89 1776 332 1828 geniculata
355 1788 379 1818 e
404 1776 565 1829 glumis
583 1776 759 1818 exserta
775 1778 916 1826 aucta,
939 1775 1063 1828 palea
1096 1775 1267 1829 2-3-plo
1287 1774 1489 1818 breviore
1523 1781 1585 1823 26.

138 1859 240 1894 Hal).
261 1860 311 1895 ad
331 1860 484 1895 rivulos
502 1859 544 1895 in
560 1859 721 1905 regione
744 1858 880 1905 alpina
898 1858 1015 1893 Ponti
1034 1857 1161 1893 Lazici
1178 1868 1298 1903 supra
1316 1857 1556 1894 Khabackar
1582 1859 1674 1903 (Bal
1691 1860 1732 1905 l),
1757 1859 1801 1898 in

91 1907 294 1942 montibus
313 1907 521 1953 Saridagh,
540 1906 724 1950 Borbalo,
743 1905 1005 1942 Antschibala
1026 1908 1063 1940 et
1081 1905 1329 1951 Gudurdagh
1348 1905 1516 1941 Caucasi
1530 1905 1737 1942 orientalis
1756 1907 1799 1945 in

89 1952 360 1999 Daghestania
379 1957 417 1990 et
437 1954 674 1991 Chewsuria
692 1953 948 1990 8000‘-10000‘
972 1953 1103 1999 (Rupr
1116 1954 1155 1997 l).

136 2027 590 2075 Culmi3-8-pollicares,
607 2027 794 2074 panicula
814 2026 998 2074 pollicem
1031 2027 1151 2073 longa
1180 2026 1203 2061 2
1233 2026 1280 2070 ¹l2
1314 2026 1440 2062 lineas
1468 2027 1560 2062 lata.
1592 2028 1626 2062 A
1657 2027 1796 2064 formis

88 2074 137 2110 Α.
159 2075 259 2112 (dhre
279 2078 318 2112 et
336 2076 517 2122 vul—(saris
536 2076 642 2111 foliis
660 2074 907 2110 surculorum
925 2074 1178 2110 filifonnibus
1195 2074 1432 2119 convolutis,
1452 2074 1654 2120 glumellae
1673 2075 1797 2111 arista

90 2122 272 2168 elongata
291 2123 594 2168 subgeniculata
613 2122 791 2158 discedit.
818 2122 873 2157 Cl.
896 2121 1070 2157 Balaxisa
1094 2121 1183 2157 loco
1210 2123 1328 2157 citato
1354 2122 1502 2156 formas
1528 2123 1665 2157 venias
1694 2132 1793 2158 enu-

87 2172 211 2205 merat
245 2181 415 2217 quarum
439 2170 562 2207 altera
583 2170 635 2205 ad
673 2169 721 2205 A.
742 2168 890 2213 albam,
909 2169 1032 2204 altera
1068 2169 1118 2204 ad
1163 2167 1556 2215 Calamaqrostz'dem
1595 2168 1788 2208 Balansae

86 2220 249 2263 spectat.

145 2326 185 2368 6.
220 2325 284 2368 A.
312 2324 645 2380 Byzantina
683 2324 842 2380 (Boiss.
872 2324 1027 2378 Diagn.
1063 2322 1157 2366 Ser.
1195 2323 1228 2376 I,
1267 2325 1332 2377 13,
1367 2337 1406 2378 p.
1438 2325 1513 2376 46)
1546 2323 1794 2378 perennis?

86 2385 314 2439 cespitosa‚
339 2385 483 2428 radice
508 2384 683 2435 limosa,
708 2384 822 2426 foliis
848 2387 1034 2437 anguste
1061 2383 1299 2426 linearibus
1323 2383 1612 2438 planiusculis
1647 2383 1795 2426 multi-

86 2444 250 2487 nerviis
272 2444 325 2486 ad
350 2455 511 2487 nervos
545 2447 589 2487 et
620 2444 839 2497 margines
872 2443 1058 2495 scabris,
1083 2443 1218 2495 ligula
1248 2443 1372 2485 brevi
1413 2444 1556 2492 ovata,
1580 2442 1793 2496 paniculae

85 2506 316 2546 contractae
368 2502 795 2546 lineari-lanceolata}
839 2503 1050 2555 elongatae
1097 2502 1231 2544 ramis
1272 2502 1437 2544 strictis
1475 2501 1789 2556 pedicellisque

85 2560 297 2605 brevibus
321 2562 503 2615 scabris,
524 2562 683 2615 glumis
710 2561 957 2604 virentibus
974 2561 1225 2603 lanceolatis
1248 2561 1387 2604 acutis
1411 2560 1789 2614 subinaequalibus

80 2620 134 2662 ad
163 2621 321 2664 cai-inte
356 2622 522 2675 apicem
563 2620 875 2664 scabriusculis
902 2624 1110 2663 caeterum
1144 2620 1340 2673 laevibus,
1374 2621 1582 2674 glumella
1624 2619 1785 2672 glumis

85 2680 214 2722 tertia
253 2683 376 2734 parte
423 2680 625 2723 breviore
666 2680 823 2723 obtusa
877 2679 1227 2723 subdenticulata
1271 2679 1444 2732 mulieri,
1490 2680 1615 2732 palea
1654 2678 1788 2732 triplo

86 2737 289 2783 breviore
316 2739 471 2782 obtuse
495 2738 717 2782 bidentata
747 2745 807 2787 ¹36.

130 2815 232 2853 Hab.
253 2827 373 2865 prope
394 2817 632 2864 Byzantium
650 2818 750 2862 (Noe
768 2817 841 2853 225
859 2818 903 2863 l).

128 2881 296 2927 pedalis,
318 2882 504 2929 panicula
530 2882 597 2918 3--4
618 2882 780 2929 pollices
806 2882 936 2927 longa.
968 2881 1081 2917 Facie
1111 2881 1240 2916 affinis
1267 2881 1318 2915 A.
1340 2880 1497 2915 canina?
1517 2890 1539 2914 a
1566 2883 1643 2926 qua
1679 2878 1785 2915 foliis

81 2929 155 2963 etsi
175 2931 355 2973 angustis
376 2933 504 2965 tamen
525 2930 592 2964 vix
614 2929 838 2965 convolutis
859 2933 895 2964 et
916 2929 1133 2975 praesertim
1163 2929 1276 2974 palea.
1300 2937 1378 2963 non
1404 2928 1609 2963 deficiente
1640 2927 1780 2963 biden-

84 2976 164 3010 tat-:1
184 2977 323 3013 dill'ert.
340 2978 562 3024 Specirnina
584 2977 661 3013 duc
685 2980 837 3012 tantuin
858 2977 942 3012 vidi
960 2979 995 3012 et
1012 2976 1179 3011 ulterius
1197 2975 1460 3011 observanda.
