2062 3314
267 190 341 228 286
1021 203 1219 232 LILIACEAE
1614 191 1979 232 Nectarosordum-

329 274 361 329 β
381 274 656 318 Dioscoridis
682 274 816 329 Rege!
841 275 952 319 Mon.
977 290 1017 331 p.
1037 278 1134 320 254.
1153 301 1206 308 —
1223 277 1374 320 Flores
1397 276 1545 319 albidi.
1562 275 1685 318 —A.
1702 275 1990 322 Dioscorides·-

267 333 358 377 Sm.
387 333 542 377 Prodr.
570 334 605 387 I,
633 347 674 389 p.
699 336 801 378 222.
829 358 878 366 -
909 335 1022 379 Nect.
1051 336 1338 390 Bulparicum
1354 335 1492 379 Janka
1516 334 1646 378 BreV.
1668 334 1725 384 ΙΙ,
1751 348 1792 389 p.
1815 337 1854 378 8.

314 415 416 452 Hah.
444 416 485 452 in
502 426 596 463 agro
614 417 834 464 Byzantino
852 417 1000 462 (Wied.
1031 429 1080 455 ex
1099 418 1252 466 RegeD,
1279 418 1321 454 in
1359 417 1559 454 umbrosis
1594 418 1733 464 Cariae,
1754 417 1898 464 Mysiae
1934 423 1975 457 et

268 462 391 511 Cypri
403 463 595 509 (Smitm.

313 536 457 573 Planta
471 536 631 573 Smithii
657 536 755 573 mihi
772 537 909 584 ignota
927 540 965 573 et
984 538 1087 574 hanc
1108 541 1152 574 ut
1177 547 1433 585 synonymon
1461 538 1539 574 fide
1575 542 1780 577 auctorum
1816 543 1971 578 tantum

262 583 828 667 &iigffierffiagitgefflssgaroea
846 595 894 620 ex
912 586 1070 632 specim.
1081 586 1290 622 fructiferis
1305 597 1328 621 a
1339 586 1385 621 cl.
1397 586 1419 622 J
1423 585 1530 622 anka
1546 587 1680 622 missis
1701 598 1724 623 a
1741 588 1871 625 Sicula
1890 600 1974 625 non

313 706 379 741 Ar„
400 706 534 751 Geoqr.
554 705 689 741 Gallia
710 706 907 753 australis,
926 707 1096 754 Corsica,
1117 707 1317 754 Bulgaria.

813 842 891 885 Ta.
929 842 999 885 IV.
1033 842 1435 886 HYACINTHEAE.

302 970 505 1014 Bulbosae
529 983 734 1025 scaposae.
764 971 983 1025 Perigonii
1007 972 1152 1027 phylla
1180 975 1334 1017 saltem
1359 973 1450 1016 basi
1478 974 1544 1017 vel
1569 974 1699 1017 altius
1722 976 1928 1018 connata.

414 1109 752 1159 UROPETALUM
789 1110 929 1172 (Gawl.
969 1112 1055 1160 not.
1093 1112 1193 1175 Rea.
1227 1112 1311 1162 tab.
1349 1111 1455 1162 156.
1492 1139 1553 1149 —
1595 1112 1810 1175 Dipcadi

894 1176 1022 1224 Med.
1057 1177 1163 1225 Act.
1202 1178 1345 1240 Pal).

322 1312 600 1367 Perigonium
625 1313 1262 1357 tubuloso·infundibuliforme
1281 1314 1335 1356 ad
1360 1315 1426 1358 vel
1450 1314 1566 1358 ultra
1590 1314 1780 1358 medium
1808 1315 1850 1357 in
1871 1326 1973 1367 seg-

261 1376 409 1416 menta
432 1384 509 1416 sex
526 1372 705 1414 linearia
733 1373 956 1425 partitum,
980 1373 1189 1416 interiora
1214 1374 1416 1416 valvatim
1442 1374 1758 1428 approximata‚
1783 1377 1964 1417 externa

261 1432 414 1475 falcata
448 1431 531 1475 sub
562 1432 683 1486 apice
707 1431 897 1484 gibbosa.
922 1432 1162 1475 Filamenta
1185 1432 1288 1476 tubo
1313 1433 1468 1477 adnata
1505 1433 1741 1485 filiformia‚
1774 1433 1967 1476 antherae

264 1492 449 1534 lineares
486 1491 627 1533 medio
670 1490 801 1533 dorso
832 1491 973 1533 affixae
1005 1492 1248 1535 versatiles.
1279 1492 1489 1536 Ovarium
1522 1492 1771 1534 triloculare
1810 1491 1965 1535 loculis

261 1550 592 1603 multiovulatis,
617 1551 760 1604 stylus
797 1554 957 1599 rectus,
981 1552 1136 1605 stigma
1173 1551 1495 1604 subtrigonum.
1523 1550 1709 1605 Capsula
1747 1551 1969 1594 membra-

258 1621 392 1653 nacea
428 1610 631 1662 trigastra
675 1610 891 1663 profunde
918 1610 1094 1654 trisulca
1123 1610 1243 1663 apice
1270 1610 1483 1654 trivalvis.
1514 1609 1686 1653 Semina
1726 1610 1964 1654 uniseriata

259 1669 661 1723 plano-compressa
701 1669 766 1710 vel
805 1670 1292 1723 compresso-angulata.
1319 1693 1374 1701 -
1406 1668 1563 1712 Herbae
1602 1669 1813 1722 bulbosae,
1848 1668 1963 1712 foliis

255 1731 440 1781 anguste
461 1726 697 1770 linearibus
723 1728 934 1781 carnosis,
961 1728 1145 1771 floribus
1170 1729 1405 1772 racemosis
1431 1728 1649 1772 secundis.

320 1857 357 1898 1.
383 1855 447 1900 U.
477 1855 751 1900 unicolor
775 1855 964 1910 '(Stocks
988 1857 1031 1898 in
1054 1857 1190 1900 Hook.
1216 1857 1374 1901 Journ.
1397 1857 1470 1912 IV,
1494 1870 1533 1911 p.
1565 1856 1665 1911 180)
1687 1855 1819 1908 bulbo
1843 1867 1962 1899 cras-

258 1915 450 1958 siusculo
474 1920 615 1966 ovato,
652 1916 762 1959 foliis
796 1916 871 1957 4-6
894 1916 1271 1969 glaucescentibus
1294 1917 1458 1971 glabris
1485 1915 1723 1960 linearibus
1747 1915 1961 1959 canalicu-

258 1975 354 2018 latis
382 1986 511 2029 scapo
539 1975 809 2028 aequilongis,
836 1987 1007 2018 racemo
1034 1974 1214 2019 nutante
1236 1976 1358 2019 brevi
1377 1979 1474 2020 laxo
1497 1975 1719 2028 4-6-ssoro‚
1740 1974 1963 2028 pedicellis

258 2034 506 2087 patentibus
532 2034 598 2076 vel
624 2034 882 2077 nutantibus
902 2035 1172 2078 brevissimis
1198 2035 1435 2080 fructiferis
1463 2035 1636 2085 erectis,
1656 2033 1843 2076 bracteis
1871 2045 1965 2076 sca-

256 2093 384 2136 riosis
428 2093 926 2136 deltoideo-acuminatis
971 2093 1177 2147 pedicello
1229 2094 1361 2148 duplo
1411 2094 1698 2148 longioribus,
1748 2092 1959 2147 perigonii

253 2152 409 2195 viridis
441 2152 991 2206 cylindrico-campanulati
1032 2154 1267 2207 segmentis
1309 2154 1552 2197 linearibus
1591 2152 1760 2195 obtusis
1804 2150 1957 2194 tubum

253 2212 532 2265 aequantibus
550 2211 892 2265 subaequilongis
915 2212 1208 2255 exterioribus
1232 2211 1705 2265 subfalcato-recurvis‚
1723 2210 1836 2264 stylo
1858 2223 1960 2253 ova-

253 2271 318 2312 ria
343 2274 559 2325 aequante,
587 2272 765 2325 capsula
792 2274 945 2324 magna
971 2271 1062 2313 basi
1085 2271 1278 2314 breviter
1296 2273 1493 2325 stipitata
1511 2271 1722 2324 depressa
1746 2269 1959 2323 profunde

251 2331 457 2382 trigastra
495 2332 614 2383 apice
666 2332 876 2377 truncata.
918 2331 1160 2373 seminibus
1208 2331 1403 2386 oblongis
1448 2327 1963 2384 angulato-complanatis-

250 2388 415 2441 apteris
453 2394 511 2436 26.

295 2471 398 2507 Hah.
423 2472 462 2507 in
481 2473 616 2508 Persia
642 2473 806 2508 australi
826 2473 877 2508 ad
894 2473 1008 2509 Kotel
1029 2473 1155 2509 Mallu
1181 2472 1361 2517 (Haussk
1376 2475 1413 2518 !)‚
1434 2473 1475 2509 in
1498 2471 1728 2508 Belutschiir
1762 2470 1948 2505 inferiore

247 2519 460 2563 (Stocksl).
484 2520 605 2555 Bulbi
629 2521 787 2556 nomine
805 2521 825 2556 J
834 2521 941 2567 ungli
959 2520 1110 2556 Bussur
1128 2521 1253 2567 (Cepa
1271 2521 1496 2566 sylvestris)
1521 2521 1604 2555 noti
1641 2516 1929 2560 comeduntur.)

296 2591 409 2627 Folia
427 2592 712 2638 6-8-pollicaria
730 2593 795 2630 2-3
815 2593 940 2629 lineas
956 2594 1046 2637 lata,
1068 2603 1246 2629 racemus
1272 2593 1514 2640 pauciflorus
1535 2601 1607 2627 nec
1634 2593 1677 2626 ut
1702 2591 1742 2625 in
1777 2588 1817 2625 U.
1846 2599 1952 2626 sero-

251 2639 331 2675 tino
351 2640 602 2681 muItHIorus,
624 2642 872 2687 perigonium
892 2641 956 2675 7-8
973 2641 1099 2677 lineas
1118 2641 1282 2686 longum
1298 2641 1423 2676 viride
1441 2650 1510 2676 nec
1527 2638 1800 2674 aurantiacum
1818 2637 1951 2671 minus

248 2686 442 2732 profunde
462 2687 647 2733 divisum,
668 2688 827 2734 capsula
853 2688 960 2724 10-11
981 2689 1105 2723 lineas
1135 2689 1214 2723 lata
1230 2688 1295 2724 6-7
1314 2688 1404 2724 alta.
1432 2687 1593 2723 Semina
1622 2685 1645 2722 3
1672 2685 1799 2720 lineas
1829 2683 1951 2728 longa

252 2734 422 2780 oblonga
441 2735 887 2781 anguiato-compressa,
908 2737 947 2770 in
980 2735 1018 2771 U.
1038 2735 1206 2772 serotino
1226 2738 1357 2771 autem
1377 2734 1597 2771 orbiculata
1617 2732 1747 2779 plana.

310 2835 349 2876 2.
376 2835 441 2878 U.
471 2836 841 2890 erythraeum
869 2837 1032 2891 (Webb
1064 2837 1185 2890 Phyt.
1215 2836 1315 2879 Can.
1349 2837 1426 2888 ΙΙΙ,
1458 2851 1496 2891 p.
1526 2837 1607 2879 341
1634 2836 1716 2878 sub
1743 2832 1951 2886 Dipeadi)

249 2894 371 2936 bulbi
412 2897 548 2938 crassi
584 2898 867 2940 ovato-conici
910 2898 1069 2940 tunicis
1096 2898 1222 2942 albis.
1250 2897 1361 2939 soliis
1390 2898 1465 2938 3-4
1490 2895 1728 2937 linearibus
1758 2893 1954 2936 carnosis

247 2952 412 3006 glabris
462 2967 590 3009 scapo
631 2956 923 3000 crassiusculo
962 2956 1213 2999 ascendenti
1256 2955 1511 3010 aequilongis
1550 2956 1619 2999 vel
1669 2951 1949 3007 longioribus,
