2062 3314
251 192 334 229 ⁴240
1013 200 1211 227 LlLlACEAE
1791 189 1942 227 Allium
1951 217 1959 225 .

259 275 415 319 Germ.
448 276 516 330 sig.
544 275 672 317 1077.
706 298 763 305 —-
788 274 836 316 A.
867 277 1090 328 pullatum
1117 274 1222 318 Urv.
1256 274 1397 317 Enum
1433 286 1518 317 non
1557 274 1674 317 Stev.
1710 297 1766 305 —
1790 273 1841 316 A.
1868 273 1968 315 Fri-

263 333 588 389 valdslcyanum
628 334 715 377 Kze
754 332 876 376 Linn.
924 334 1037 385 XVI,
1075 347 1114 388 p.
1162 335 1263 377 311.
1297 358 1351 363 —
1389 331 1439 374 A.
1465 333 1755 386 densislorum
1800 333 1967 386 Hampe

261 393 392 437 'Flora
426 395 550 444 1849,
572 394 604 442 l,
637 406 676 447 p.
700 392 774 435 80!

312 468 413 504 Hab.
430 469 470 504 in
491 468 660 504 collibus
678 468 848 514 regionis
869 468 1065 503 inferioris
1084 470 1121 503 et
1146 470 1357 513 montanae,
1379 467 1679 513 Peloponnesus
1697 466 1835 502 multis
1869 466 1968 502 locis

258 515 434 560 (Heldrl
461 516 625 562 Orphl),
647 517 780 551 Attica
792 514 960 558 (Heldrl
992 515 1111 561 Orph.
1143 515 1200 551 Fl.
1226 515 1291 550 Gr.
1322 525 1402 550 exs
1429 515 1552 559 2401),
1583 513 1732 550 OEtolia
1757 514 1969 558 (Samaro,

261 564 438 608 Corcyra
456 566 493 598 et
517 563 570 598 Ge
603 563 762 598 halonia
794 563 933 607 (Let!),
966 562 1193 608 Zacynthus
1230 562 1414 607 (Marg!)‚
1453 561 1645 607 Cyclades
1691 561 1838 605 (Sibth.
1874 561 1967 596 Urv.

263 609 437 656 Heldr!)‚
459 574 691 646 Macegonia
711 609 760 644 ad
779 609 1104 644 Thessalonicam
1132 609 1311 655 (Oi-phi),
1343 610 1533 654 Bithynia
1557 608 1743 653 (Cleml),
1764 608 1895 654 Lydia
1917 608 1968 643 ad

261 657 398 694 Tmoli
415 657 566 693 radices
586 657 687 701 (Bal.
714 657 783 693 147
798 658 835 702 l),
854 655 1009 702 Cyprus
1027 657 1211 703 (Simu),
1236 656 1522 703 Mesopotamia
1538 655 1717 700 (Haussk
1732 657 1771 699 l).

323 722 354 776 β
381 724 600 781 nullatum
628 722 744 765 Stev.
775 721 898 763 Mem.
923 721 1017 764 Soc.
1043 720 1166 764 Mose.
1194 721 1244 770 ΙΙ,
1271 736 1310 777 p.
1341 723 1437 773 173,
1462 721 1546 764 tab.
1576 723 1641 764 11.
1671 746 1727 753 —
1750 720 1971 775 Perigonii

265 781 415 836 phylla
438 781 534 823 alba
555 781 605 822 ad
632 781 822 823 medium
854 782 1019 823 macula
1045 781 1234 824 violacea
1255 782 1322 824 vel
1350 781 1469 824 fusca
1493 781 1618 835 picta.

313 856 416 892 Hab.
432 857 471 891 in
489 856 636 892 Tauria
655 856 770 900 (Stev
790 857 826 902 !).
850 855 1000 897 Eadem
1016 857 1140 892 forma
1160 856 1201 891 in
1222 856 1364 892 Rossia
1385 856 1550 892 australi
1567 856 1746 891 occurrit.

325 941 350 981 y
370 920 600 963 rubellum.
634 945 692 952 —
726 921 1004 975 Perigonium
1032 922 1265 964 rubellum.

314 995 417 1031 Hab.
437 997 539 1031 inter
555 996 767 1042 Juniperos
789 995 830 1030 in
854 995 1054 1031 montanis
1076 995 1206 1031 Haemi
1227 1006 1349 1043 prope
1377 995 1536 1032 Kalofer
1567 995 1748 1033 Tliraciae
1787 993 1919 1039 (Pichl
1936 995 1978 1039 l).

266 1043 417 1079 Eadem
438 1044 565 1078 forma
585 1045 622 1078 in
647 1043 784 1078 Serbia
802 1044 950 1078 crescit.

324 1108 496 1163 &affine
519 1109 650 1162 Regel
671 1109 781 1151 Mon.
812 1122 854 1162 p.
888 1110 955 1151 50.
993 1133 1039 1139 -
1074 1109 1309 1152 Filamenta
1347 1109 1632 1164 trieuspidata
1661 1109 1832 1151 inferne
1862 1118 1976 1150 mar·

264 1170 366 1222 gine
393 1168 581 1211 ciliatula
606 1173 812 1211 caeterum
835 1168 976 1209 onmia
1006 1169 1110 1222 typi.
1144 1192 1198 1198 —
1235 1169 1285 1210 A.
1313 1168 1455 1223 affine
1485 1168 1631 1211 Ledeb
1664 1168 1724 1210 Fl.
1761 1168 1862 1210 Ros.
1901 1166 1973 1217 IV,

300 1263 307 1270 .
343 1230 435 1271 146.

264 1242 295 1283 p
316 1302 417 1338 Hab.
435 1303 475 1337 in
501 1302 629 1338 Iberia
664 1302 875 1338 Caucasica
913 1301 1052 1346 (Wilh.
1085 1302 1222 1347 Heln),
1256 1303 1389 1338 Persia
1423 1303 1569 1339 boreali
1605 1302 1868 1347 (Auol1.2704
1889 1293 1976 1337 bis!

266 1350 401 1386 Bubse
415 1352 457 1395 !).
477 1350 618 1385 Persia>
638 1349 912 1384 austro-occid.
927 1348 1035 1384 distr.
1057 1349 1147 1384 Kuh
1168 1350 1365 1396 Kilonyeh
1386 1351 1568 1395 (Haussk
1588 1352 1626 1396 !).

264 1467 282 1500 t
314 1419 378 1500 {in
400 1417 533 1462 Geoqr.
558 1417 755 1463 Hispania
774 1416 917 1459 media,
942 1416 1052 1450 Italia
1072 1417 1274 1461 australis,
1303 1418 1448 1464 Sicilia,
1469 1418 1684 1461 Dalmatia,
1722 1417 1859 1454 Rossia
1886 1426 1977 1451 aus-

284 1475 323 1500 ra
360 1475 377 1500 s

330 1565 396 1606 21.
446 1564 504 1607 A.
543 1562 952 1610 Rudbaricum
993 1567 1156 1620 (Boiss.
1201 1570 1244 1608 et
1277 1565 1424 1608 Bubse
1466 1567 1591 1610 Aufz.
1639 1581 1676 1621 p.
1720 1567 1820 1620 215)
1855 1567 1975 1610 bulbi

261 1624 379 1666 ovati
422 1624 582 1667 tunicis
621 1626 816 1668 externis
855 1627 975 1679 apice
1007 1627 1219 1679 elongatis
1257 1630 1298 1668 et
1336 1626 1510 1668 demum
1550 1627 1592 1669 in
1632 1627 1765 1669 fibras
1801 1627 1972 1679 solutis,

264 1695 396 1737 scapo
434 1684 546 1725 elato
581 1684 631 1725 ad
666 1685 836 1727 tertiam
865 1689 1033 1740 partem
1060 1686 1202 1728 foliato
1225 1686 1319 1727 folia
1348 1685 1524 1728 linearia
1554 1687 1679 1740 plana
1716 1686 1909 1739 margine
1932 1694 1974 1730 et

265 1741 318 1783 ad
339 1754 523 1784 nervum
548 1743 736 1786 medium
757 1744 1004 1786 scabridnla
1030 1749 1279 1798 superante.
1300 1744 1498 1787 umbellae
1518 1745 1768 1788 multiflorae
1784 1746 1973 1799 globosae

265 1801 489 1854 pedieellis
542 1815 694 1855 parum
742 1804 1030 1857 inaequalibus
1072 1805 1179 1846 flore
1221 1805 1383 1858 3-4-plo
1434 1805 1717 1858 longioribus,
1761 1805 1973 1859 perigonii

263 1860 391 1902 nitidi
418 1861 532 1902 rosei
557 1862 1076 1918 tnbuloso-campanulati
1094 1864 1252 1918 phyllis
1270 1864 1516 1906 lanceolatis
1540 1864 1798 1906 acuminatis
1826 1865 1975 1906 carina

267 1920 690 1970 serrulam-scabris,
716 1922 946 1965 litamentis
975 1924 1196 1975 perigeniO
1228 1923 1592 1966 subbrevioribus
1619 1923 1805 1965 internis
1832 1923 1976 1967 tribus

269 1979 568 2032 tricuspidatis
605 1981 788 2034 cuspide
824 1981 1085 2025 intermedia
1125 1983 1378 2025 lateralibus
1415 1986 1457 2024 et
1499 1983 1593 2036 ipso
1637 1983 1858 2025 filamento
1890 1983 1978 2036 gla-

271 2037 492 2080 briusculo
530 2040 731 2082 breviore
776 2047 834 2086 26.
863 2042 912 2083 A.
947 2040 1234 2094 multiflorum
1276 2041 1407 2095 Regel
1446 2042 1557 2083 Mon.
1587 2053 1639 2083 ex
1676 2045 1810 2095 parte.
1838 2065 1893 2072 —
1925 2042 1976 2084 A.

267 2095 527 2138 erubescens
556 2098 599 2139 C.
625 2099 742 2140 Koch
766 2099 893 2142 Linn.
923 2101 1061 2150 XXII,
1090 2115 1130 2155 p.
1156 2101 1266 2143 2421

319 2173 420 2209 Hab.
438 2175 477 2209 in
496 2175 806 2212 Transcaucasia
828 2177 982 2222 (Hohl)
1004 2179 1044 2213 in
1066 2178 1200 2213 Persia
1226 2177 1526 2223 septentrionali
1548 2187 1669 2224 prope
1688 2177 1851 2214 Rudbar
1871 2180 1910 2213 et
1936 2178 1977 2213 in

266 2220 733 2315 {ugzqffinffggilsivinter
754 2223 926 2260 Kiebsch
947 2228 985 2260 et
1005 2226 1208 2269 Kurschur
1228 2225 1381 2269 (Buhse
1394 2227 1434 2272 l),
1452 2227 1490 2260 in
1510 2225 1658 2260 ditione
1676 2225 1796 2261 Kuba
1813 2225 1862 2260 ad
1883 2225 1977 2261 Cas-

315 2334 517 2380 Bipedale.
534 2335 706 2370 umbella
731 2336 924 2372 diametro
944 2337 1006 2373 1-1
1028 2337 1303 2384 ¹s2-pollicaris,
1326 2338 1575 2383 pei-igonium
1606 2337 1630 2373 2
1657 2337 1698 2381 ’βα
1732 2336 1856 2373 lineas
1888 2336 1974 2372 lon-

267 2391 374 2426 gum.
398 2381 517 2417 Valde
536 2383 651 2418 affine
674 2384 720 2418 A.
746 2384 965 2430 multifloro
992 2386 1096 2420 Desf.
1116 2398 1161 2417 .-·-.
1183 2385 1389 2430 acute'floro
1407 2385 1513 2421 Lois.
1532 2396 1579 2420 ex
1597 2384 1759 2430 Algeria
1779 2387 1817 2419 et
1847 2384 1975 2420 Gallia

265 2429 432 2464 australi
453 2432 490 2464 et
511 2433 551 2464 ut
579 2430 677 2466 illud
697 2441 719 2465 a
748 2431 885 2466 formis
920 2433 971 2467 A.
1012 2432 1283 2479 ampeloprasi
1314 2433 1506 2478 perigonii
1536 2432 1684 2478 phyllis
1720 2432 1912 2478 elongatis
1934 2434 1974 2467 et

265 2476 391 2510 acutis
407 2476 623 2521 discedens,
642 2479 692 2513 al)
713 2488 759 2514 eo
778 2479 1017 2524 dignoscit-ar
1039 2480 1213 2515 antlieris
1232 2480 1407 2525 inclusis,
1425 2480 1618 2516 inanienti
1647 2483 1756 2526 parte
1788 2479 1972 2514 inferiore

268 2532 349 2558 non
367 2523 498 2560 einata
515 2528 552 2559 et
571 2526 712 2561 tunicis
732 2528 905 2562 externis
924 2528 1036 2573 apice
1056 2528 1098 2562 in
1118 2527 1238 2562 fibras
1256 2526 1408 2562 solutis.

332 2616 402 2657 22.
429 2615 492 2657 A.
533 2618 1005 2663 atroviolaceum
1032 2619 1190 2673 (Boiss.
1229 2619 1378 2673 Diagn.
1403 2619 1496 2662 Ser.
1531 2621 1562 2670 [,
1588 2622 1625 2662 7.
1662 2633 1702 2674 p.
1731 2620 1830 2667 ΗΞ)
1860 2618 1977 2661 bulbi

270 2675 595 2729 ovato-oblongi
636 2678 793 2720 tunicis
833 2691 1025 2732 superne
1062 2680 1274 2732 elongatis
1298 2684 1341 2721 et
1365 2680 1407 2721 in
1437 2679 1569 2722 fibras
1593 2679 1766 2722 demum
1808 2678 1978 2721 solutis.

260 2744 399 2787 scapo
421 2735 535 2777 elato
555 2736 607 2776 ad
631 2737 800 2778 tertiam
822 2743 988 2792 partem
1009 2738 1155 2781 foliato
1174 2738 1274 2780 folia
1299 2739 1478 2781 linearia
1497 2738 1780 2781 mnltistriata
1806 2738 1976 2780 inferne

252 2793 727 2846 .ra11aliculato-plicata
752 2797 945 2850 margine
969 2798 1167 2839 scabrida
1199 2801 1455 2851 superante,
1488 2798 1641 2851 spatha
1670 2798 1795 2840 ovata
1830 2795 1976 2838 brevi-

272 2855 341 2893 ter
375 2853 618 2895 acuminata
658 2855 743 2897 cito
781 2856 979 2906 decidua,
1008 2856 1206 2899 umbellae
1248 2856 1496 2900 multiflorae
1533 2858 1722 2910 globosae
1751 2854 1973 2910 pedicellis

269 2909 365 2953 basi
405 2911 681 2956 bracteolatis
729 2915 1036 2970 superioribus
1079 2915 1188 2959 flore
1221 2916 1393 2970 4-5-plo
1433 2916 1718 2970 longioribus,
1759 2913 1972 2969 perigonii
