2062 3314
224 253 274 289 76
969 254 1184 282 ORCHIDEAE
1749 240 1901 288 Ophrys
1908 267 1926 277 ..

229 337 397 434 refusi&
412 344 501 433 nson
527 329 861 421 6appendiculam
913 334 971 375 26.
1009 326 1143 369 Relib.
1185 324 1330 367 Germ.
1359 322 1445 365 tab.
1481 322 1549 364 94.
1614 345 1642 350 -
1680 320 1743 362 Fl.
1779 322 1933 375 Pelop.

230 396 318 444 ta),
404 424 412 435 .
453 403 565 443 ign...

274 466 378 501 Hab.
398 466 437 500 in
465 464 617 499 saxosis
639 461 837 506 calcareis,
860 460 1046 496 fruticetis
1069 458 1238 505 regionis
1266 455 1463 491 inferioris
1485 456 1522 489 et
1544 456 1753 497 montanae,
1773 455 1926 490 Groecia

229 515 309 549 tota
329 515 367 548 et
383 513 467 557 ejus
483 511 622 546 insulae
643 510 806 555 (Sprunt
827 509 988 552 Boiss!),
1002 504 1315 549 Creta(Heldr!).
1330 501 1561 537 Macedonia
1575 501 1727 545 (Friv.),
1744 502 1928 545 Byzantii

226 560 500 604 (Coumanyl),
520 557 710 602 Bithynia
727 555 928 600 (Griseb.),
952 554 1077 597 Lydia
1095 553 1223 591 (Aucb
1236 553 1274 596 !)‚
1298 550 1453 595 Cyprus
1471 548 1598 593 (Kyl),
1615 548 1727 593 Syria
1745 548 1930 584 littoralis

230 608 282 643 ad
318 606 536 651 Berythum
574 607 611 638 et
646 604 831 638 Sidonem
866 601 989 645 (Gaill
1003 603 1042 644 l),
1079 599 1277 634 Palestina
1315 597 1364 631 att
1397 595 1716 640 Hierosolymam
1747 596 1926 641 (Boissl),

236 654 371 690 Persia
392 652 577 688 australis
605 651 652 685 ad
672 649 789 685 Kotel
812 650 979 683 Pirasun
1000 646 1223 689 (Hausskl).
1245 645 1302 679 Fl.
1322 643 1451 678 medio
1473 652 1575 677 vere.

276 717 341 751 Ar.
377 716 509 759 Geoqr.
540 713 755 756 Lusitania,
787 710 990 756 Hispania,
1027 709 1160 744 Gallia
1191 705 1625 743 occidentali-australis
1660 708 1697 740 et
1726 706 1926 745 australis,

230 763 344 798 ltalia
374 765 411 797 et
442 763 525 805 ejus
545 761 696 803 insulae,
727 759 937 798 Dalmatia,
965 757 1097 792 Africa
1126 755 1306 791 borealis.
1344 754 1481 788 Flores
1507 753 1545 787 in
1573 753 1857 798 speciminibus
1877 763 1926 787 ex

231 810 424 856 Hispania
446 807 609 843 australi
627 811 665 842 et
686 806 820 842 Africa.
839 805 1002 839 (jallicis
1022 808 1059 839 et
1076 802 1346 838 Orientalibus
1367 801 1509 846 saepius
1529 801 1708 845 majores,

292 907 332 948 3.
369 905 426 948 O.
467 903 786 947 muscifera
826 902 986 951 (Huds.
1028 901 1089 942 Fl.
1127 899 1251 952 Angl.
1290 912 1327 952 p.
1370 896 1474 951 340)
1513 896 1740 939 tuberibus
1780 897 1925 950 parvis

232 965 580 1016 ovato—globosis,
614 963 723 1004 t'oliis
753 961 948 1013 oblongis
977 964 1019 1002 et
1053 957 1530 1011 oblongo-lanceolatis‚
1552 958 1672 998 caule
1696 957 1845 1008 gracili
1880 957 1922 997 iu

233 1025 393 1077 spicam
413 1023 614 1075 gracilem
642 1021 879 1062 laxilioram
900 1032 1015 1071 saepe
1034 1019 1272 1071 elongatam
1300 1017 1501 1059 abeunte.
1528 1015 1736 1068 perigonii
1765 1015 1926 1068 phyllis

234 1082 466 1133 viridibus,
485 1085 664 1123 externo
683 1080 910 1130 superiore
929 1079 1103 1120 dilatato
1117 1077 1329 1119 cucullato
1345 1075 1457 1117 binis
1475 1075 1726 1116 lateralibus
1742 1075 1928 1116 internis

231 1139 675 1183 lineari-tiliformibus
705 1137 947 1181 convolutis
986 1137 1124 1179 antice
1160 1135 1380 1184 velutiuis,
1420 1133 1571 1175 labello
1608 1133 1764 1187 phyllis
1803 1137 1923 1175 exte-

233 1200 425 1242 rioribus
456 1199 645 1251 longiore
673 1197 855 1248 oblongo
894 1196 982 1237 basi
1020 1199 1201 1237 cuneato
1244 1205 1434 1236 convexo
1458 1193 1508 1234 ad
1547 1193 1735 1234 medium
1771 1191 1927 1233 trilobo

234 1261 352 1300 fusco
391 1262 550 1311 prreter
595 1257 767 1298 fasciam
815 1255 1006 1308 glabram
1049 1257 1274 1307 angustam
1312 1252 1450 1295 antice
1486 1250 1673 1293 bilobam
1707 1252 1757 1293 ad
1802 1251 1926 1293 basin

234 1317 316 1359 lobi
345 1316 587 1358 intermedii
611 1315 816 1358 velutino⁷
842 1313 948 1355 lobis
977 1313 1226 1355 lateralibus
1247 1315 1427 1365 auguste
1456 1311 1690 1353 linearibus
1717 1309 1928 1361 porrectis

232 1374 489 1418 intermedio
529 1375 662 1415 multo
704 1374 865 1425 majore
898 1386 918 1413 a
955 1373 1047 1414 basi
1083 1373 1134 1413 ad
1176 1370 1336 1424 apicem
1374 1370 1566 1412 breviter
1608 1369 1796 1410 bilobum
1842 1382 1925 1410 uon

231 1434 615 1488 appeiuliculatum
642 1433 816 1474 dilatato
843 1438 902 1479 26.
932 1431 1066 1473 Relib.
1093 1430 1241 1472 Germ.
1261 1430 1343 1472 tab.
1367 1431 1438 1471 95.
1466 1453 1519 1459 -
1538 1427 1586 1470 Ο.
1610 1429 1782 1481 myocles
1806 1427 1925 1481 Jacq.

235 1494 353 1535 luiso.
379 1492 429 1532 Il.
460 1493 556 1533 ι273.

278 1567 380 1602 Hab.
405 1567 445 1601 in
460 1566 609 1601 Achaia
638 1570 704 1601 tex
725 1566 803 1601 Sm.
821 1565 987 1609 Prod1·.).
1017 1564 1047 1598 E
1073 1564 1220 1599 ditione
1241 1563 1417 1599 nondum
1434 1562 1528 1598 vidi.

275 1631 376 1666 Hab.
401 1631 438 1665 iu
459 1631 625 1666 collibus
645 1631 847 1675 sylvaticis
867 1629 1033 1675 Europa}
1066 1629 1205 1664 mediae
1241 1628 1291 1663 ab
1309 1628 1464 1673 Anglia,
1484 1627 1759 1668 Scandinavia,
1782 1627 1926 1662 Rossia

232 1679 360 1715 media
379 1679 430 1713 ad
450 1678 683 1724 Hispaniam
703 1677 911 1719 borealem,
930 1676 1084 1712 Italiam
1101 1676 1282 1720 mediam,
1296 1676 1494 1721 regionem
1509 1674 1770 1710 Danubialem
1792 1684 1927 1720 usque.

292 1777 332 1817 4.
354 1775 416 1818 Ο.
445 1774 758 1829 Speculum
786 1772 916 1827 (Link
940 1773 983 1814 in
1008 1772 1183 1814 Scin-ad.
1212 1773 1366 1815 Journ.
1399 1773 1523 1823 1799,
1544 1772 1582 1823 02,
1613 1785 1649 1825 p.
1677 1770 1781 1823 324)
1806 1771 1929 1813 tube-

233 1835 357 1877 ribus
383 1834 735 1886 ovato-globosis,
752 1833 863 1874 foliis
886 1832 1082 1884 oblongis
1102 1836 1144 1874 et
1172 1831 1624 1884 oblongo-lanceolatis
1651 1831 1927 1883 glaucescen-

234 1894 363 1936 tibus,
389 1894 506 1946 spica
535 1893 769 1946 pauculora
796 1893 903 1939 laxa,
932 1892 1141 1944 perigoiiii
1171 1891 1330 1945 phyllis
1358 1891 1551 1932 externis
1585 1893 1710 1931 ovato
1733 1889 1929 1940 oblongis

237 1953 549 1995 lutescentibus
586 1952 770 1993 internis
812 1949 1063 1992 lateralibus
1093 1950 1427 2004 ali-opurpureis
1467 1949 1636 1991 caeteris
1672 1949 1767 2001 plus
1796 1948 1930 2000 duplo

237 2012 513 2053 brevioribus
537 2010 879 2063 triangularibus
908 2009 1047 2050 antice
1074 2009 1314 2062 puberulis,
1341 2009 1494 2050 labello
1512 2008 1694 2050 obovato
1712 2007 1803 2048 basi
1829 2007 1926 2048 sub-

233 2075 415 2112 cuneato
453 2071 732 2111 subconvexo
768 2069 880 2110 ultra
921 2068 1111 2109 medium
1149 2068 1293 2110 trilido
1328 2068 1380 2110 ad
1417 2071 1613 2109 centrum
1657 2066 1921 2119 glaberrimo

236 2129 370 2170 nitido
396 2140 554 2171 azureo
578 2130 681 2170 vitta
711 2126 870 2170 liavida
893 2127 1032 2169 cincto
1060 2138 1186 2169 secus
1214 2127 1447 2179 marginem
1480 2127 1646 2168 fuscum
1676 2125 1925 2167 revolutum

235 2189 358 2238 longe
397 2192 440 2229 et
479 2188 611 2230 dense
650 2188 821 2236 villoso,
863 2186 972 2227 lobis
1011 2186 1262 2228 lateralibus
1289 2184 1736 2238 oblongo-linearibus
1778 2183 1926 2237 parvis

235 2246 491 2288 intermedio
512 2246 644 2288 multo
667 2246 827 2299 majore
855 2245 1038 2297 oblongo
1065 2245 1134 2286 vel
1158 2248 1283 2287 ovato
1311 2244 1466 2286 obtuso
1495 2245 1561 2284 vel
1585 2243 1818 2286 subretuso
1845 2254 1928 2284 nou

232 2305 568 2358 appendiculam
600 2311 660 2350 26.
693 2304 827 2345 Rchb.
857 2303 1006 2345 Germ.
1031 2308 1060 2344 t.
1083 2304 1152 2345 96.
1173 2329 1226 2334 —
1250 2303 1381 2356 Mogg.
1408 2303 1538 2344 Ment.
1567 2303 1649 2344 tab.
1684 2304 1754 2353 72,
1784 2303 1851 2355 fig.
1872 2301 1924 2342 A.

232 2365 278 2405 0.
316 2363 525 2415 Sc·olopa.1;
565 2363 712 2405 Willd.
751 2363 824 2417 Sp.
866 2363 933 2404 IV.
967 2376 1008 2415 p.
1054 2363 1109 2404 69
1142 2366 1184 2404 et
1215 2362 1330 2404 Brot.
1372 2363 1496 2416 Pbyt.
1524 2363 1625 2404 Lus.
1657 2362 1741 2404 tab.
1775 2361 1798 2401 2
1840 2372 1923 2402 non

233 2423 395 2466 Cavan.
415 2447 471 2452 —
498 2422 541 2464 1).
569 2422 774 2464 vernioez'a
800 2421 920 2464 Brot.
948 2421 1008 2462 Fl.
1033 2422 1171 2463 Lusit.
1196 2421 1225 2470 I,
1256 2434 1292 2474 p.
1323 2422 1392 2463 ²27.

281 2495 378 2530 Hal».
399 2495 438 2529 in
455 2495 621 2530 collibus
635 2495 806 2541 regionis
827 2494 1026 2528 inferioris
1046 2494 1357 2539 proecedontihus
1372 2494 1506 2538 rarior,
1520 2494 1671 2529 Graecia
1685 2494 1724 2528 in
1744 2492 1930 2536 Argolide

234 2543 438 2589 (Sprunt).
473 2543 668 2577 Messenia
699 2542 868 2587 (Boryl),
901 2541 1030 2575 Atura
1058 2541 1227 2586 (Fraas),
1262 2541 1443 2586 Byzantii
1475 2541 1525 2575 acl
1548 2540 1791 2586 Bujuckdere
1811 2541 1929 2581 (Cou-

233 2592 402 2634 manv),
431 2589 618 2634 Bithynia
648 2589 697 2624 ad
732 2588 1003 2624 Nicomediam
1039 2587 1230 2634 (sliu-ke),
1261 2588 1429 2633 Smyrna
1464 2588 1605 2632 [Aucb.
1625 2588 1759 2632 222301),
1787 2587 1929 2622 Rhodo

233 2636 433 2682 (Heldrl),
459 2638 573 2681 Syria
595 2636 755 2672 littorali
782 2636 830 2671 ad
851 2635 1002 2680 Tripoli
1021 2634 1085 2679 (Bl
1102 2636 1142 2678 !).
1171 2634 1225 2669 Fl.
1244 2635 1356 2670 Mart.
1374 2637 1465 2681 Apr.

227 2703 343 2785 qu'r'
373 2702 757 2785 (zeoquLusitania,
776 2701 972 2746 Hispania.
994 2699 1188 2744 australis,
1210 2700 1403 2745 Sardinia,
1424 2699 1566 2745 Sicilia,
1586 2699 1698 2734 Italia
1730 2699 1929 2745 australis,

285 2760 363 2785 rica
414 2760 505 2785 orea
527 2760 568 2784 is.

850 2880 875 2931 ξ
915 2880 952 2920 2.
983 2878 1308 2922 Fuciflorae.

292 2999 329 3040 5.
350 2997 408 3041 O.
434 2997 933 3042 tenthredinifera
956 2996 1124 3052 (Willd.
1156 2995 1227 3049 Sp.
1255 2999 1294 3048 4,
1330 3009 1367 3050 p.
1404 2995 1478 3051 67)
1508 2996 1736 3039 tuberibus
1762 2997 1929 3050 magnis
