2062 3314
216 191 290 231 300
973 188 1173 225 L'ILIACEAE:
1714 186 1914 226 Muscari.

217 273 413 316 saturate
437 267 611 313 caerulei
647 268 842 312 breviter
868 267 1301 323 oblongo—cylindrici
1325 266 1530 311 dentibus
1560 268 1700 312 ovatis
1725 270 1929 313 acutius—-

213 331 326 376 culis
341 329 478 387 ‘rectis
501 328 606 371 tubo
630 327 876 382 quadruplo
897 327 1191 377 brevioribus,
1213 327 1465 380 capsula...
1504 327 1565 373 Qt,

264 403 368 439 Hah.
401 403 445 438 in
475 401 626 437 ditione
661 400 996 437 Transcaucasica
1030 399 1246 446 Schuragel
1273 399 1318 435 «in
1358 398 1521 446 planitie
1554 399 1731 436 inferiori
1767 399 1928 436 montis-

217 450 367 497 Alagas
385 447 490 485 6000’
508 448 568 493 (C.
592 448 702 484 Koch
719 448 754 493 l).

266 515 363 551 Fere
385 513 536 560 pedale,
554 512 651 548 folia
664 511 729 548 3-4
744 512 869 548 lineas
878 511 970 559 lata,
984 521 1161 548 racemus
1176 510 1414 547 multiflorus
1430 511 1563 557 sesqui
1595 510 1804 565 ollicai·eis²
1819 510 1920 557 peri·

219 562 382 609 gonium
399 560 423 596 2
441 561 483 605 Ὗ.
503 560 629 595 lineas
646 559 821 605 longum.
850 559 982 595 Facies
1000 558 1054 595 M.
1075 557 1242 605 neylectz‘
1260 569 1283 593 a
1300 568 1379 604 quo
1405 557 1520 603 longe
1584 558 1686 594 iffert
1722 558 1918 604 perigonii

218 619 300 645 non
319 618 385 643 ore
410 606 609 643 constricti
627 606 812 642 dentibus
834 606 1050 653 majoribus
1078 606 1195 642 rectis
1222 614 1291 640 nec
1322 605 1514 649 recurvis,
1547 604 1760 641 filamentis
1799 606 1843 641 ut
1879 605 1922 641 in

221 655 275 692 M
296 654 498 694 acutis'olio
527 664 606 689 non
633 653 927 689 subhiseriatlm
950 663 1088 689 versus
1117 651 1294 687 medium
1312 652 1457 687 tubum
1488 651 1557 688 sed
1591 661 1733 687 versus
1767 650 1922 688 faucem

217 702 390 748 insertis,
412 701 586 737 antheris
603 700 762 736 flavidis
784 710 805 736 e
823 701 934 736 fauce
953 699 1208 736 subexsertiS.

281 814 350 856 37.
384 812 454 855 M.
487 809 749 855 discolor
783 811 942 868 <Boiss.
976 815 1019 853 et
1054 809 1269 865 Haussk.)
1305 809 1437 852 bulbo
1471 813 1610 859 ovato,
1645 809 1758 851 toliis
1791 820 1929 863 scapo

220 871 373 916 humili
391 870 642 914 ascendenti
664 870 1007 924 subaequitongis
1034 868 1436 923 lineari-lingulatis
1455 868 1734 912 acutiusculis
1753 867 1923 910 inferne

221 931 347 984 longe
385 929 635 979 attenuatis,
678 940 847 972 racemo
888 928 1126 985 paucifloro
1167 927 1498 980 ovato-capitato
1543 927 1763 982 pedit-,eltis
1814 926 1923 970 flore

221 990 470 1045 quadruplo
503 988 781 1031 brevioribus
814 988 1004 1041 cernuis,
1029 987 1215 1030 floribus
1241 986 1467 1029 sterilibus
1505 986 1671 1040 paucis,
1698 985 1924 1040 pet-igonio

221 1047 524 1103 campanulato
562 1050 757 1090 saturate
803 1047 991 1090 violaceo
1028 1046 1221 1099 margine
1269 1045 1366 1088 albo
1408 1046 1529 1088 fauce
1580 1045 1652 1086 vix
1690 1044 1923 1087 constricto

223 1107 429 1150 dentibus
471 1111 552 1150 late
585 1105 1252 1159 ovato-triangularibuserectis
1286 1105 1358 1146 vix
1383 1103 1827 1157 incurvis‚capsula...
1863 1104 1934 1149 Qt.>

270 1182 376 1219 Hah.
396 1183 436 1218 in
455 1181 660 1219 montibus
686 1181 982 1229 Mesopotamiae
1004 1191 1125 1227 supra
1142 1180 1269 1217 Terek
1283 1179 1388 1217 3000‘
1408 1178 1592 1225 (Haussk
1607 1181 1648 1224 l).
1670 1179 1726 1214 Fl.
1745 1179 1828 1226 Apr

271 1248 386 1284 Folia
397 1247 465 1283 3-4
486 1246 646 1294 pollices
663 1246 782 1292 longa
799 1257 967 1293 superne
984 1246 1008 1281 2
1028 1246 1157 1281 lineas
1181 1246 1273 1288 lata,
1301 1254 1478 1280 racemus
1510 1243 1738 1280 6-10-ss0rus
1769 1242 1926 1289 magni·

222 1295 362 1332 tudine
377 1295 580 1340 avellanae,
593 1294 843 1340 perigonium
859 1294 937 1330 fere
952 1297 1029 1329 tres
1043 1294 1169 1329 lineas
1183 1292 1359 1338 longum.
1374 1291 1530 1338 Species
1546 1291 1712 1337 insignis
1728 1289 1932 1337 perigonii·

221 1341 487 1389 campanulati
505 1351 572 1378 ore
593 1342 663 1377 vix
680 1342 879 1377 constricti
897 1340 1083 1376 dentibus
1106 1339 1362 1376 rectiusculis.

286 1453 355 1495 38.
398 1451 471 1494 Μ.
518 1449 906 1498 acutifolium.
946 1449 1076 1494 bulbo
1115 1453 1241 1493 ovato
1275 1449 1498 1500 mediocri,
1541 1447 1653 1491 foliis
1693 1446 1805 1490 binis
1834 1445 1927 1488 basi

226 1512 352 1565 longe
379 1511 421 1554 in
452 1510 659 1565 petiolum
684 1510 920 1552 attenuatis
952 1510 1200 1554 lanceolatis
1228 1509 1435 1562 utrinque
1459 1507 1693 1551 attenuatis
1729 1504 1945 1548 immissi--

226 1571 309 1613 mis
347 1582 475 1622 scapo
517 1568 637 1612 tenui
677 1568 950 1623 aeqnilongis‚
975 1580 1146 1611 racemo
1172 1571 1298 1610 ovato
1326 1567 1420 1609 laxo
1445 1565 1681 1620 paucifloro
1706 1564 1928 1619 pediccllis

226 1629 410 1672 deflexis
428 1628 525 1671 flori
554 1628 913 1683 subaeqnilongis.
937 1628 1121 1670 floribus
1146 1626 1369 1670 sterilibus
1395 1625 1543 1679 paucis
1573 1624 1763 1679 globosis
1783 1623 1927 1666 minu·-

227 1689 296 1738 tis,
323 1687 535 1742 perigonii
553 1687 723 1730 intense
747 1685 925 1730 violacei
951 1683 1700 1740 brevitercylindrico-campanulati
1720 1680 1927 1726 dentibus

226 1745 573 1799 ovato-oblongis
592 1745 759 1790 obtusis
783 1746 912 1788 rectis
928 1745 1032 1789 tubo
1049 1745 1295 1800 quadruplo
1316 1743 1608 1794 brevioribus,
1623 1741 1843 1796 capsula...
1864 1741 1924 1786 Qt.

277 1820 380 1857 Hah.
399 1821 439 1856 in
457 1819 771 1856 Transcaucasia
789 1819 838 1855 ad
857 1820 997 1856 Persut
1018 1819 1194 1865 (Bayern
1212 1818 1320 1854 herb.
1338 1818 1448 1854 Hort.
1470 1817 1610 1864 Petrop
1624 1817 1661 1861 l).

273 1885 425 1931 Scapus
449 1884 609 1930 gracilis
634 1883 935 1930 2-5-pollioaris,
957 1882 1052 1919 folia
1073 1893 1235 1929 scapum
1252 1892 1330 1918 non
1351 1881 1630 1928 amplectentia
1647 1879 1733 1915 basi
1750 1880 1791 1916 in
1806 1878 1930 1926 petio·

228 1933 312 1968 lum·
328 1933 445 1977 longe
465 1933 670 1966 attenuata
686 1931 917 1966 acutissima
939 1932 1017 1966 tres
1044 1929 1171 1966 lineas
1190 1929 1272 1965 lata
1292 1930 1461 1965 tenuiter
1489 1927 1744 1974 plurinervia,
1777 1926 1929 1980 perigo·

228 1980 341 2015 nium
361 1978 385 2013 2
405 1980 446 2022 ¹l²
468 1978 594 2013 lineas
616 1978 791 2023 longum.
813 1977 1036 2013 Filumenta
1056 1976 1308 2023 complanata
1326 1976 1447 2022 paulo
1468 1976 1568 2011 infra
1603 1974 1756 2010 faucem
1781 1974 1928 2009 inserta

231 2026 405 2063 antheris
426 2025 712 2060 lutescentibus
732 2025 932 2071 perigonio
961 2034 1104 2071 parum
1139 2023 1387 2059 brevioribus
1423 2022 1738 2068 subaequilonga.
1772 2020 1929 2067 Species

229 2073 283 2110 ob
305 2073 554 2118 perigonium
573 2072 642 2107 vix
659 2073 899 2107 urceolatum
918 2071 958 2107 in
986 2072 1122 2107 dentes
1142 2073 1265 2106 rectos
1286 2080 1358 2107 nec
1382 2079 1565 2105 recurvos
1597 2067 1831 2115 profundius
1863 2066 1930 2102 fis-

229 2130 330 2163 sum,
347 2120 550 2155 filamenta
568 2119 820 2155 unserialiter
839 2122 875 2154 et
894 2119 1072 2165 saperius
1092 2119 1241 2154 inserta
1257 2118 1360 2153 inter
1386 2115 1647 2153 Bellevalz'am
1680 2116 1719 2151 et
1751 2113 1932 2150 Muscam·

228 2166 451 2251 suibdubiagl
462 2167 553 2202 huic
570 2169 704 2202 tamen
723 2176 772 2202 ex
792 2166 944 2212 habitu,
962 2166 1126 2201 tloribus
1154 2164 1424 2211 superioribus
1447 2163 1657 2207 sterilibus,
1679 2164 1761 2209 etc.,
1797 2161 1930 2208 aptius

233 2225 257 2251 a
286 2223 422 2251 soclan
455 2224 488 2249 a.

396 2382 706 2432 BELLEVALIA
733 2381 923 2443 (Lapeyr.
963 2381 1110 2430 Journ.
1151 2380 1276 2443 Phys.
1312 2379 1406 2429 Dec.
1438 2378 1570 2437 18⁰8,
1598 2393 1635 2442 ι).
1663 2377 1765 2427 425.

724 2475 789 2481 ——
823 2447 1107 2508 Hyacinthi
1151 2460 1224 2508 sp.
1270 2446 1436 2504 Linn.)

291 2594 571 2647 Perigonium
612 2592 960 2648 campanulatum
998 2592 1067 2634 vel
1107 2590 1362 2633 tubulosum
1404 2601 1480 2632 ore
1515 2601 1601 2632 non
1645 2587 1940 2631 constrictum-

235 2654 334 2707 plus
380 2653 524 2695 minus
570 2652 784 2703 profunde
826 2650 1042 2694 sexfidum
1076 2650 1244 2692 laciniis
1283 2649 1440 2692 erectis
1480 2648 1546 2691 vel
1584 2645 1927 2701 erecto-patulis.

234 2711 472 2755 Filamenta
506 2711 609 2754 tubo
647 2710 858 2765 perigonii
891 2721 1026 2764 prope
1063 2709 1226 2752 faucem
1272 2709 1338 2750 vel
1382 2707 1494 2750 infra
1535 2707 1723 2749 medium
1765 2705 1931 2748 inserta

235 2771 386 2818 libera,
423 2770 616 2813 antherae
651 2769 792 2812 medio
825 2769 956 2811 dorso
989 2768 1144 2811 affixae.
1179 2766 1387 2809 Ovarium
1427 2766 1644 2819 trigonum
1680 2763 1931 2806 triloculare

233 2829 387 2873 loculis
407 2829 652 2872 biovulatis.
673 2827 822 2882 Stylus
839 2827 1079 2882 elongatus,
1101 2825 1255 2882 stigma
1275 2825 1497 2867 obtusum.
1517 2823 1702 2878 Capsula
1720 2823 1929 2875 depressa

237 2888 418 2932 tricocca
455 2887 678 2930 chartacea
708 2887 777 2929 vel
813 2886 1018 2937 coriacea‚
1055 2884 1221 2927 semina
1258 2883 1492 2926 caruncula
1525 2882 1743 2925 destituta.
1773 2879 1931 2922 Herbae

232 2946 430 2990 bulbosae
456 2946 638 2990 floribus
665 2945 900 2989 racemosis
927 2945 996 2988 vel
1020 2943 1215 2998 spic-atis.
1237 2967 1287 2973 -—
1311 2941 1460 2985 Genus
1484 2939 1730 2995 Hyacinthe
1747 2942 1790 2982 et
1810 2938 1930 2980 Mus-
