2062 3314
230 258 300 296 712
979 266 1204 293 GNETACEAE
1718 254 1925 302 Epltedra.

649 478 805 526 ORD.
846 478 1085 526 CXLIII.
1123 476 1526 525 GNETACEAE

841 626 998 680 (Blum.
1035 625 1197 678 Expos.
1247 626 1336 679 23).

294 757 445 799 Flores
480 756 760 798 unisexuales
785 756 1019 798 amentacei
1053 755 1235 797 monoici
1263 755 1330 797 vel
1372 754 1496 796 dioici
1527 754 1713 796 bracteis
1753 754 1936 807 vaginae-

230 816 444 860 formibus
470 816 534 858 vel
563 815 694 869 paleis
724 814 1069 857 setaceo-laceris
1097 814 1204 856 fulti.
1229 814 1361 856 Maso.
1390 813 1703 856 Involucellum
1742 812 1931 866 vaginae-

233 876 369 918 forme
412 875 792 917 membranaceum
816 873 994 916 bifidum
1024 877 1189 915 stamen
1233 874 1405 915 unicum
1441 876 1514 915 aut
1541 872 1666 926 plura
1700 871 1744 913 in
1774 872 1934 914 coluni-

240 947 339 976 nam
383 937 564 976 connata
603 933 844 980 includens,
867 934 1044 974 anthera
1070 933 1145 973 ⁰2-4
1170 932 1372 974 locularis
1396 932 1516 985 apice
1540 931 1658 985 poris
1691 930 1933 974 dehiscens.

234 993 347 1035 Fem.
373 992 561 1034 Ovulum
580 993 821 1034 solitarium
844 992 908 1033 vel
933 992 1030 1034 bina
1056 991 1313 1034 involucello
1339 991 1499 1044 duplici
1528 990 1595 1032 vel
1614 990 1773 1043 triplici
1797 990 1932 1031 cincta

236 1052 398 1095 extimo
427 1063 501 1093 ore
526 1054 709 1103 angusto
737 1056 886 1104 aperto
913 1051 1062 1092 intimo
1087 1050 1127 1091 in
1160 1050 1359 1092 tubulurn
1400 1053 1588 1092 exserto.
1632 1048 1787 1091 Semen
1827 1049 1936 1090 inte-

235 1114 441 1164 gumento
468 1111 686 1153 exteriore
711 1110 904 1152 coriaceo
934 1110 1001 1151 vel
1031 1121 1214 1151 carnoso
1252 1112 1648 1152 mucamentaceum
1683 1109 1751 1150 vel
1778 1108 1936 1161 drupa-

236 1182 374 1213 ceum.
406 1170 597 1222 Embryo
633 1170 673 1210 in
719 1169 786 1211 axi
825 1169 1060 1210 albuminis
1102 1169 1269 1210 carnosi
1305 1169 1554 1221 antitropus
1603 1167 1935 1222 cotyledonibus

236 1229 372 1271 binis.
409 1255 459 1259 —
482 1229 677 1271 Arbores
700 1229 765 1271 vel
794 1228 985 1270 frutices.
1036 1275 1038 1277 ‚

749 1384 984 1431 arntiam
1021 1384 1087 1444 (L.
1133 1385 1229 1434 aen.
1268 1384 1412 1446 1136).

298 1522 447 1565 Flores
491 1521 615 1563 dioici
661 1520 884 1563 rarissime
919 1520 1102 1563 monoici
1137 1521 1392 1564 amentacei.
1421 1520 1554 1562 Maso.
1593 1523 1776 1564 Amenta
1812 1524 1935 1562 ovata

235 1581 422 1625 bracteis
466 1580 778 1635 quadrifariam
812 1577 1052 1622 imbricatis
1096 1581 1353 1623 constantia.
1384 1580 1479 1622 Flos
1514 1581 1557 1622 in
1591 1580 1721 1622 axilla
1752 1578 1935 1620 bracteae

237 1641 461 1683 solitarius
488 1640 749 1682 staminibus
774 1639 816 1680 in
845 1639 1014 1681 unicam
1036 1640 1283 1681 columnam
1307 1639 1473 1681 coalitis
1501 1643 1717 1690 constans,
1744 1638 1935 1680 antlterae

235 1701 278 1742 in
306 1700 507 1741 columna
545 1700 725 1741 sessiles
762 1700 827 1740 vel
856 1699 1072 1751 stipitatae.
1099 1699 1211 1741 ch.
1237 1700 1516 1741 Involucrnm
1554 1698 1722 1750 vaginis
1751 1698 1935 1752 3-pluri-

238 1760 318 1801 bus
342 1758 490 1801 bitidis
530 1759 595 1801 vel
628 1758 785 1799 bilobis
825 1757 1087 1800 decussatim
1118 1758 1356 1801 imbricatis
1379 1758 1507 1800 ovula
1532 1760 1556 1800 2
1591 1758 1735 1800 rarius
1763 1757 1934 1798 unicum

237 1818 526 1861 tolerantibus
551 1821 768 1860 constans.
794 1816 982 1858 Seminis
1007 1817 1319 1859 involuccllnm
1346 1817 1541 1859 exterius
1563 1817 1684 1869 apice
1707 1819 1935 1870 pertusum

237 1878 424 1920 interius
448 1877 491 1919 in
519 1877 720 1920 tubillum
751 1889 801 1918 ex
829 1888 903 1918 ore
927 1877 1158 1918 exterioris
1192 1881 1426 1919 exsertum.
1453 1876 1801 1918 Pseudonuculae
1834 1874 1935 1916 sul)-

237 1937 440 1978 001·iaeea›
459 1937 525 1990 (in
549 1934 730 1989 nostris)
759 1934 812 1975 ob
851 1935 1024 1988 vaginas
1050 1936 1260 1977 involucri
1289 1936 1331 1977 in
1361 1936 1499 1977 fructn
1522 1934 1683 1989 szepius
1713 1934 1937 1977 succulen-

235 2000 299 2037 tas
326 1996 621 2038 bacciformes.
650 2019 703 2024 -
731 1994 924 2036 Frutices
950 1996 1130 2036 ramulis
1155 1995 1393 2037 articulatis
1410 1995 1597 2047 apliyllis
1619 1994 1686 2035 vel
1706 1994 1758 2034 ad
1786 2004 1933 2034 ramos

237 2056 428 2097 aovellos
453 2055 564 2096 soliis
589 2053 800 2107 oppositis
839 2053 1075 2096 linearibus
1103 2053 1272 2103 obsitis,
1300 2053 1353 2095 ad
1382 2053 1710 2095 articulationes
1743 2051 1936 2093 breviter

237 2114 465 2167 vaginulis.

652 2292 902 2344 specierum
937 2290 1228 2334 Ore'entale'zmz
1272 2292 1515 2345 dispositio.

456 2418 466 2428 ⁸
493 2416 796 2452 Pseudonucula.
817 2416 1026 2451 involucro
1050 2416 1209 2451 demum
1230 2415 1458 2452 succulento
1482 2415 1689 2462 drupacea.

674 2519 715 2559 -4-
744 2514 943 2561 Aphyltae.
964 2535 1010 2540 -—
1036 2515 1232 2551 involucri
1250 2516 1409 2561 vaginae
1439 2514 1596 2561 glabrae.

275 2597 321 2633 E.
340 2596 559 2644 (lz'stachya‚
578 2596 842 2644 pachyclada,
860 2596 1130 2637 Nebrodensz's,
1145 2597 1316 2643 sraffl'lis,
1338 2596 1645 2644 campylopoda‚
1663 2595 1897 2643 poclm-vllam

288 2702 332 2737 -t-
361 2701 402 2742 -t-
431 2697 492 2733 Aa
516 2707 648 2733 ramos
670 2697 812 2733 saltem
832 2697 1021 2734 ,novellos
1041 2697 1198 2732 foliatae.
1221 2716 1264 2724 -—
1292 2696 1490 2732 Involucri
1512 2696 1669 2742 vaginae
1690 2695 1887 2731 ciliatulae.

286 2780 329 2816 E.
349 2780 454 2824 Alte,
474 2780 633 2826 foliata,
661 2779 862 2826 ροῖμῖερῖε,
878 2779 1177 2826 pedamentum.

405 2880 415 2891 ‘
442 2879 638 2915 Involucri
663 2879 847 2915 fructiferi
872 2880 1029 2925 vagtnce
1051 2879 1128 2914 late
1153 2879 1462 2915 membranaceae
1483 2888 1562 2914 non
1582 2887 1770 2914 carnosae.

286 2960 332 2996 E.
356 2960 483 2997 (alceta.
