2062 3314
245 233 319 270 638
982 238 1207 266 GRAMINEAE
1719 228 1950 279 Sezeropoa.

246 318 412 361 strictis
431 316 649 371 angulatis
668 316 721 359 ad
737 315 1019 358 dichotomias
1047 327 1135 357 non
1159 315 1456 369 spiculigeris,
1487 315 1666 369 spiculis
1690 316 1956 362 brevissime

245 382 289 420 et
313 389 460 420 crasse
486 376 750 429 pedicellatis
777 374 1235 426 oblongo-linearibus
1269 373 1508 427 5-9-ssoris,
1546 374 1707 427 glumis
1736 375 1953 421 viridibus

245 436 623 488 albo—marginatis
646 434 843 487 oblongis
869 434 1038 476 obtusis
1072 433 1464 487 subinaequilongis
1506 433 1713 475 inferiore
1750 435 1950 479 uninervi

244 495 475 549 superiore
512 493 698 536 triuervi
739 492 886 534 nervis
936 492 1059 534 valde
1104 491 1474 545 prominentibus,
1514 492 1720 544 glumella
1765 493 1951 547 oblonga

242 555 401 597 obtusa
424 553 623 594 elevatim
657 551 978 606 quinquenervi
1018 555 1060 592 et
1084 552 1249 594 sulcata
1273 555 1338 601 Ε).
1366 549 1637 592 Seleroclzloa
1662 551 1950 602 procumbens

241 612 289 655 Ρ.
319 613 371 654 de
396 612 442 652 Β.
468 636 524 642 -
546 611 680 653 Rchb.
706 609 853 652 Germ.
882 610 951 662 fig.
979 611 1077 651 369.
1098 633 1152 639 —-
1174 609 1355 651 Festum
1378 608 1672 660 procumbens
1692 610 1776 652 K‘h.
1794 610 1948 655 Enum.

242 671 274 722 I,
302 684 341 725 p.
369 671 468 713 393.
493 694 548 701 —-
572 669 692 722 Engl.
720 670 804 711 bot.
835 669 921 711 tab.
945 669 1044 711 532.
1074 693 1124 699 —
1155 667 1361 721 Glycerio
1385 667 1674 719 procumbens
1698 669 1820 711 Fries
1857 683 1948 713 exs.

291 754 394 790 Hah.
410 754 451 789 in
468 753 645 789 humidis
663 752 927 797 salsuginosis
942 751 1085 787 deserti
1099 751 1250 798 Syriaci
1266 752 1368 786 inter
1383 750 1512 785 Haina
1526 755 1564 786 et
1582 751 1811 796 Palmyram
1829 753 1893 798 (Bl
1909 755 1949 801 l),

242 800 537 848 Mesopotamiae
556 800 659 835 inter
681 800 838 845 SindJ‘ar
856 801 894 834 et
911 798 997 834 Tell
1018 799 1127 834 Afar.

290 875 368 911 Vix
390 875 525 910 differt
545 884 567 908 a
587 873 871 919 speciminibus
891 872 1067 916 Gallicis,
1082 872 1308 908 Germaniae
1323 871 1507 915 borealis,
1529 872 1770 918 Hispanicis,
1785 874 1948 919 spiculis

242 922 363 969 paulo
385 921 633 966 longioribus
654 923 691 956 et
710 921 835 966 magis
854 919 1092 955 multitloris.
1111 919 1173 954 Ab
1192 920 1299 955 affini
1321 918 1359 956 S.
1383 917 1518 964 rissidc‘c*
1532 920 1695 965 spiculis
1716 921 1946 958 brevissime

241 969 497 1016 pedicellatis,
524 968 671 1013 glumis
698 971 735 1002 et
765 967 954 1012 glumella
983 966 1168 1001 elevatim
1204 967 1383 1002 nervosis
1415 969 1452 1002 et
1482 969 1583 1001 iuter
1609 977 1754 1002 nervos
1787 968 1947 1004 sulcatis

241 1017 436 1053 distincta.
457 1018 558 1051 Area
578 1015 844 1061 geographica
863 1013 979 1050 valde
999 1014 1226 1049 dissociata.

289 1091 353 1143 Ar..
378 1088 739 1171 GloeoquHiSpania
769 1087 967 1133 australis,
1001 1086 1134 1123 Gallia
1167 1087 1432 1132 occidentalis,
1460 1086 1633 1130 Batavi-a,
1662 1087 1816 1134 Angtia,
1849 1089 1944 1124 Ger-

242 1147 374 1173 mania
425 1146 577 1172 oreais.

301 1241 341 1283 4.
372 1238 422 1282 S.
442 1235 642 1292 rigida
664 1236 717 1291 (L
762 1237 837 1290 Sp.
864 1237 942 1279 101
972 1237 1054 1279 sub
1083 1235 1189 1291 Poa')
1215 1249 1373 1288 annua,
1397 1236 1551 1278 culmis
1571 1236 1773 1291 pluribus
1801 1249 1944 1280 ascen-

244 1296 644 1351 denti-geniculatis
675 1296 765 1337 basi
791 1296 974 1338 ramosis
1003 1295 1152 1348 rigidis
1180 1296 1353 1347 foliatis,
1376 1295 1489 1338 foliis
1515 1295 1625 1337 linea
1637 1296 1759 1339 ribus
1782 1299 1943 1339 acumi-

244 1358 357 1400 natis
387 1357 580 1409 margine
599 1355 777 1402 scabris,
797 1356 928 1407 ligula
954 1355 1151 1407 elongata
1168 1355 1322 1404 lacera,
1340 1355 1550 1408 paniculae
1574 1355 1723 1408 rigidzc
1741 1356 1943 1409 oblongo-

243 1416 492 1458 lance'olatze
554 1415 826 1457 unilateratis
887 1418 1114 1457 coarctatae
1182 1415 1430 1467 composItae
1490 1414 1621 1456 ramis
1676 1415 1943 1469 ramulisque

241 1475 469 1530 triquetris
494 1474 645 1526 rigidis
674 1473 1103 1527 erecto-patentibus,
1128 1472 1399 1515 dicliotomiis
1426 1485 1508 1514 non
1538 1473 1831 1526 spiculigeris,
1856 1476 1941 1528 spi-

240 1534 350 1577 culis
376 1533 749 1585 lineari-oblongis
778 1533 1039 1586 compressis
1068 1532 1334 1579 5-ll-ssoris‚
1364 1533 1523 1585 gluniis
1563 1531 1940 1585 subinaequalibus

240 1592 670 1636 lineari-lanceolatis
697 1592 902 1633 carinatis
926 1591 1240 1634 obtusiusculis
1266 1591 1458 1633 flosculis
1483 1592 1618 1633 multo
1646 1591 1940 1639 brevioribus,

241 1652 437 1695 flosculis
470 1650 734 1693 distantibus
767 1651 836 1692 axi
879 1663 961 1693 non
1007 1650 1251 1699 articulata,
1278 1651 1484 1702 glumella
1518 1650 1668 1692 lineari
1713 1652 1940 1693 convoluta

237 1712 395 1754 obtusa
423 1711 516 1753 laevi
542 1711 671 1752 dorso
699 1712 889 1753 convexa
913 1708 1105 1752 obsolete
1131 1710 1322 1752 carinata
1352 1710 1499 1752 nervis
1537 1709 1786 1751 lateralibus
1815 1711 1939 1752 obso-

238 1770 463 1813 letissimis
503 1774 568 1820 O.
609 1767 840 1820 Seleropoa
871 1768 1019 1820 rigida
1054 1768 1223 1811 Griseb.
1274 1767 1383 1821 Spic.
1433 1768 1485 1817 11,
1527 1769 1626 1810 431.
1663 1793 1712 1798 -
1756 1767 1938 1810 Festum

236 1829 385 1882 rigida
406 1829 525 1879 Link,
551 1829 604 1870 Ic.
631 1828 739 1869 Host
766 1827 911 1869 Gram.
933 1832 960 1870 t.
986 1829 1054 1870 37.
1084 1850 1139 1858 —-
1174 1826 1310 1869 Rchb.
1337 1826 1482 1869 Germ.
1512 1827 1579 1880 lig.
1609 1829 1709 1870 870.
1739 1852 1791 1858 -
1821 1827 1936 1870 Nees

236 1887 342 1931 Gen.
372 1888 521 1930 Germ.
550 1886 603 1930 lc.

281 1971 384 2006 Hah.
404 1972 444 2006 in
467 1970 702 2013 graininosis
722 1970 845 2013 siccis,
867 1969 917 2005 ad
938 1969 1025 2004 vias
1047 1969 1168 2004 totius
1189 1968 1351 2003 ditionis
1373 1977 1396 2002 a
1414 1968 1568 2004 Graecia
1593 1972 1630 2004 et
1658 1969 1820 2005 insulis!
1854 1968 1934 2004 Ma-

234 2018 419 2053 cedonia!
442 2018 627 2053 Thracia!
647 2017 697 2052 ad
719 2018 907 2052 Tauriani
930 2019 967 2052 et
986 2017 1187 2062 regionem
1221 2016 1505 2059 Caucasicanil,
1533 2016 1708 2051 Persiam
1738 2016 1934 2052 borealem

232 2066 383 2111 (Egel),
401 2065 631 2101 Anatoliam
650 2068 657 2098 ἱ
679 2065 836 2110 Syriam
851 2065 1063 2100 littoralem
1085 2066 1121 2099 et
1140 2064 1366 2098 interiorem
1387 2063 1506 2106 (Ehrl
1529 2063 1633 2098 (jaill
1650 2065 1690 2108 ἱ).

291 2144 335 2198 β.
362 2143 518 2186 Trinii.
555 2167 607 2172 -
642 2141 810 2185 Glumae
838 2147 880 2185 et
911 2142 1116 2195 glumella
1146 2142 1282 2195 magis
1318 2142 1522 2183 carinatae
1546 2141 1636 2183 liaec
1670 2145 1851 2184 acutata.
1879 2166 1932 2171 -—

232 2202 421 2245 Festum
447 2202 667 2254 rigescens
697 2202 816 2244 Trin.
840 2202 880 2244 in
903 2202 1010 2244 Hoh.
1035 2200 1188 2243 Selied.
1217 2213 1301 2242 non
1331 2199 1423 2242 Kffl.

276 2284 379 2320 Hah.
403 2285 442 2318 in
461 2283 636 2318 arenosis
657 2283 778 2317 maris
806 2282 941 2328 Caspii
960 2290 1083 2328 prope
1106 2280 1314 2316 Leukoran
1333 2280 1549 2325 (Hohenl).

273 2356 335 2391 Ar.
359 2357 496 2400 Geoqr.
520 2355 679 2399 Europa
700 2353 883 2388 australis
905 2363 925 2387 a
942 2352 1072 2387 Gallia
1094 2351 1225 2387 media
1244 2354 1282 2387 et
1300 2351 1487 2386 Helvetii«.
1509 2351 1671 2387 australi
1691 2351 1740 2386 ad
1760 2351 1932 2387 littorale

225 2404 494 2444 Austriacum,
515 2402 712 2446 regionem
734 2399 1015 2440 Danubi-alem,
1035 2399 1291 2444 Dalmatiam,
1314 2399 1447 2434 Africa
1469 2399 1650 2434 borealis.

285 2522 325 2562 5.
349 2522 404 2563 S.
430 2517 872 2571 Stenostachya.
903 2529 1064 2567 annua,
1083 2516 1238 2558 culmis
1267 2515 1472 2559 tenuibus
1496 2515 1833 2558 ascendentibus
1857 2516 1923 2557 vel

224 2581 381 2622 erectis
410 2578 591 2629 foliosis,
617 2577 784 2629 vaginis
809 2588 892 2618 non
917 2576 1122 2625 dilatatis,
1140 2575 1297 2617 lamina
1320 2580 1508 2627 anguste
1537 2575 1686 2617 lineari
1716 2574 1925 2622 flexuosa.

224 2639 435 2693 paniculae
459 2634 1238 2687 racemisormisoblongo-lanceolata}
1262 2633 1562 2687 subsimplicis
1590 2633 1721 2674 ramis
1745 2646 1827 2675 uon
1844 2634 1929 2674 sra-

223 2698 382 2750 gilibus
407 2701 564 2750 praetei·
583 2696 754 2736 intimos
782 2695 999 2736 interdum
1021 2694 1143 2735 binos
1167 2692 1379 2734 solitariis
1406 2693 1613 2734 tenuibus
1636 2695 1927 2745 erecto-patu-

224 2757 277 2799 lis
309 2770 331 2798 a
360 2756 450 2797 basi
484 2755 673 2807 spieulas
699 2755 769 2796 5-2
803 2753 1055 2805 gerentibus
1089 2751 1396 2805 superioribus
1429 2752 1771 2803 monostacnyis,
1808 2750 1925 2803 pedi-

221 2816 342 2859 cellis
371 2814 659 2863 brevissimis,
697 2813 875 2866 spiculis
913 2812 1161 2865 patentibus
1196 2810 1456 2853 tenuissime
1502 2810 1594 2851 linc
1618 2811 1738 2850 ribus
1778 2810 1921 2851 tilifor-

223 2875 365 2916 mibus
385 2872 618 2924 2-4·ssoris,
657 2872 814 2924 glumis
852 2875 1034 2924 anguste
1070 2869 1493 2912 lineari-lanceolatis
1539 2871 1588 2911 lte
1605 2869 1731 2911 vibus
1757 2868 1922 2910 obtusis

222 2939 346 2976 acute
368 2932 573 2975 carinatis
597 2931 801 2973 inferiore
829 2929 1028 2972 breviore
1053 2929 1281 2982 superiore
1307 2928 1488 2969 flosculo
1514 2929 1709 2980 proximo
1740 2928 1921 2969 subbre-

222 2993 361 3043 viore,
406 2991 595 3033 flosculis
639 2990 707 3031 axi
748 2989 918 3031 birtulae
956 2988 1195 3042 fragillima}
1219 2987 1442 3042 adpressis
1477 2987 1574 3040 plus
1609 2999 1738 3040 quam
1769 2996 1921 3028 eorum
