2089 3246
79 222 281 260 Phalarz's.
822 230 1046 258 GRAMINEAE
1713 226 1782 263 473

69 310 120 350 et
153 305 249 349 Not.
291 306 368 348 loc.
408 305 476 348 cit.
517 317 557 358 p.
590 305 658 351 11,
693 304 762 357 fig.
791 306 830 347 7.
859 329 916 336 —
958 305 1005 347 P.
1035 303 1252 346 obvallata
1285 308 1326 348 et
1363 305 1439 348 Ple.
1464 307 1625 350 rubens
1653 309 1776 353 Trin.

77 365 196 409 Plial.
224 378 261 419 p.
286 366 314 407 4
355 388 408 395 —
436 363 677 406 Macrodon
704 362 886 406 obtusas
903 364 1093 406 Elirenb.
1122 375 1214 408 exs.

74 437 426 531 scffffi'fficssffigm
445 437 495 473 ad
515 437 702 473 Sidonem
722 436 838 483 (1311),
867 436 1068 473 Palestina
1094 436 1280 482 (Boissl),
1305 437 1460 485 Egvpto
1491 439 1615 482 [Ehri
1651 442 1779 478 Boissl

123 550 219 586 Haec
238 550 409 586 varietas
430 549 569 586 formis
587 548 832 584 intermediis
848 548 889 584 in
904 548 1052 595 quibus
1070 548 1234 595 spiculae
1257 551 1405 584 neutroe
1428 560 1565 586 omnes
1589 552 1780 597 elongntae

78 597 142 633 vel
175 598 419 633 ramulorum
447 598 600 632 tantum
631 596 864 631 inferiorum
891 605 1117 642 praeniorsae
1142 599 1234 631 sunt
1261 596 1308 631 ad
1347 600 1484 643 typum
1516 601 1666 634 transit.
1697 601 1781 635 var.

75 655 299 692 praemorsa
319 645 358 679 in
386 643 579 690 Hispania
600 643 775 687 australi,
802 643 934 679 Africa
954 643 1116 688 boreali,
1136 643 1354 688 Abyssinia
1374 655 1463 680 cum
1487 649 1582 692 typo
1610 646 1773 691 legitur.

100 710 183 763 ’An
214 710 355 792 Gessiqrd
382 708 553 755 Europae
580 710 617 744 et
645 708 789 744 Africae
816 707 985 744 borealis
1014 709 1120 754 regio
1156 707 1453 755 mediterranea,
1481 711 1625 746 insulae
1648 712 1773 747 Cana-

75 766 238 801 rienses‚
305 767 326 792 a
358 766 438 792 era.

793 869 803 880 ⁴
833 868 843 880 ·
870 867 1080 904 Perennes.

135 972 172 1013 5.
197 969 297 1013 Ph.
321 967 551 1013 nodosa
579 968 643 1024 (L.
662 968 777 1023 Syst.
796 969 872 1012 Ed.
902 971 970 1023 13,
997 982 1034 1023 p.
1064 969 1140 1026 68)
1167 971 1386 1023 perennis.
1409 971 1584 1014 caudice
1604 972 1781 1026 obliquo

69 1028 560 1083 subrepente‚caulibus
576 1028 667 1071 basi
687 1029 728 1070 in
753 1029 891 1072 nodos
923 1030 992 1070 1-4
1006 1028 1216 1083 oblongos
1236 1031 1586 1073 monilisormiter
1605 1032 1776 1073 incras—

72 1089 178 1132 satis
205 1099 397 1143 superne
426 1088 552 1142 longe
578 1087 825 1138 denudatis,
849 1088 1049 1142 panicula
1076 1088 1311 1141 spiciformi
1339 1091 1521 1142 oblonga
1543 1091 1605 1131 vel
1638 1091 1774 1143 cylin-

75 1148 249 1198 dracea,
294 1147 454 1202 glumis
502 1147 752 1190 lanceolatis
800 1148 937 1189 acutis
977 1148 1184 1202 utrinque
1229 1148 1470 1191 uninerviis
1505 1148 1555 1189 ad
1591 1150 1780 1191 carinam

75 1206 258 1250 viridem
286 1207 354 1250 ala
375 1208 559 1259 angusta
583 1207 749 1258 integra
766 1206 818 1248 ad
843 1207 1007 1260 apicem
1036 1219 1176 1260 usque
1195 1207 1409 1262 producta
1435 1211 1475 1249 et
1495 1208 1655 1251 sensim
1676 1212 1783 1250 atte-

74 1267 204 1308 nuata
231 1266 383 1316 auctis,
412 1266 592 1308 flosculo
611 1265 966 1319 liermaplirodito
991 1266 1144 1308 villoso
1171 1267 1330 1319 glumis
1354 1266 1531 1309 dimidio
1559 1268 1775 1318 breviore,

74 1325 255 1367 flosculo
281 1327 437 1367 neutro
465 1325 590 1367 unico
615 1324 767 1367 lineari
811 1325 965 1368 villoso
1002 1326 1210 1378 glumella
1250 1325 1605 1378 hcrmaphrodita
1649 1327 1781 1379 triplo

74 1383 276 1426 breviore
313 1390 373 1431 26.
398 1384 462 1426 Fl.
490 1383 627 1427 Graec.
657 1383 744 1425 tab.
773 1384 841 1426 56.
880 1409 927 1414 —
961 1384 1082 1426 Trin.
1107 1384 1193 1426 tab.
1220 1385 1288 1426 81.
1316 1408 1367 1414 —
1392 1384 1473 1427 Pla.
1501 1383 1704 1426 tuberosa
1739 1385 1782 1425 L.

73 1441 146 1497 Sp.
170 1444 223 1485 79
248 1443 319 1498 (ex
345 1443 539 1495 Parlat.).

1776 1513 1783 1535 1

122 1517 218 1553 Hab.
245 1518 282 1554 in
321 1518 512 1561 herbidis,
544 1518 673 1562 cultis,
703 1517 856 1554 Graecia
874 1518 913 1553 in
936 1518 1213 1565 Peloponneso
1233 1518 1427 1563 (Heldrl).
1456 1520 1583 1554 Attica
1604 1519 1754 1564 <Sin-un
1776 1539 1782 1545 ·

74 1564 245 1609 Heldrl).
267 1566 447 1611 Byzantii
466 1566 614 1610 (Murm
629 1567 666 1610 l),
687 1565 850 1601 Graeciae
873 1566 1014 1600 insulis
1033 1565 1211 1610 (Sinin).
1241 1566 1350 1602 Creta
1382 1567 1547 1606 (Raulin
1572 1568 1609 1610 i),
1645 1566 1782 1602 Rhodo

69 1613 222 1658 (Bourg
237 1615 276 1658 !),
296 1613 435 1648 Cilicia
454 1614 590 1658 (Peiz),
612 1612 730 1658 Syri-:2
752 1612 917 1648 littorali
938 1616 974 1648 et
994 1613 1147 1648 Libano
1168 1613 1251 1657 (ΒΗ
1274 1613 1378 1649 Gaill
1393 1616 1433 1657 l),
1454 1614 1504 1649 ad
1525 1613 1675 1660 Aleppo
1689 1614 1781 1658 (ΚΥ.

71 1659 189 1705 2271),
208 1661 247 1695 in
271 1661 558 1707 Mesopotamia
576 1659 808 1705 (Hausski)‚
827 1660 1004 1695 Caucaso
1022 1662 1060 1695 et
1078 1660 1384 1696 T1·anscaucasi:·1
1404 1661 1598 1705 (Letleli.)

96 1725 181 1778 ,Αιπ
205 1725 338 1770 Geoqr.
361 1724 531 1772 Europae
559 1727 598 1761 et
625 1724 766 1760 Airicae
806 1724 977 1760 borealis
1011 1726 1118 1771 regio
1152 1725 1449 1771 mediterranea,
1477 1725 1616 1761 insulae
1656 1726 1780 1764 Cana,-

74 1781 236 1808 rienses.

133 1873 171 1912 ὅ.
213 1871 312 1914 Ph.
349 1874 632 1916 truncata
671 1870 821 1925 (Cass.
853 1871 958 1926 Syn.
988 1872 1023 1921 Ι,
1052 1872 1161 1921 118)
1201 1872 1420 1925 perennis,
1449 1872 1625 1915 caudice
1659 1873 1778 1914 brevi

72 1930 288 1984 cespitoso
321 1931 465 1974 caules
494 1931 660 1974 fertiles
688 1930 823 1973 elatos
852 1936 894 1973 et
927 1931 1153 1974 fasciculos
1193 1932 1367 1974 steriles
1412 1931 1583 1981 edente,
1615 1931 1780 1979 vaginis

75 2002 161 2032 non
182 1989 360 2039 inflatis,
398 1990 597 2044 panicula
623 1989 859 2043 spiciformi
888 1991 1176 2044 cylindracea,
1210 1991 1369 2043 glumis
1397 1990 1594 2044 oblongis
1617 1991 1782 2031 obtusi-

77 2048 235 2091 usculis
265 2061 400 2103 prope
428 2047 666 2102 marginem
708 2049 952 2093 uninerviis
977 2050 1028 2092 ad
1067 2051 1255 2092 carinam
1292 2050 1358 2092 ala
1390 2050 1556 2101 integra
1589 2061 1780 2103 superne

76 2107 226 2150 latiore
259 2111 302 2151 et
338 2108 514 2163 oblique
542 2110 741 2150 truncata
769 2109 1002 2152 rotundata
1030 2109 1183 2159 auctis,
1210 2108 1391 2151 flosculo
1420 2108 1778 2161 liermaplirodito

72 2165 282 2220 adpresse
319 2167 490 2210 hirsuto
527 2168 685 2221 glumis
715 2167 931 2221 subtriplo
964 2169 1181 2220 breviore,
1219 2168 1411 2210 flosculis
1453 2167 1626 2209 neutris
1666 2168 1780 2209 binis

67 2225 198 2268 *hirtis
223 2226 631 2280 squamaeformibus
669 2227 740 2268 vix
773 2227 1019 2281 conspicuis
1048 2229 1086 2273 Ql
1122 2227 1201 2269 Ple.
1228 2227 1434 2280 aquatica
1458 2226 1576 2268 Desl'.
1613 2226 1699 2269 Ati.
1739 2229 1776 2274 1,

75 2285 129 2326 56
152 2284 223 2339 (ex
247 2286 294 2327 cl.
313 2285 528 2340 Cosson.).

121 2359 223 2396 Hah.
245 2361 284 2396 in
303 2361 475 2407 pascuis,
496 2361 624 2407 cultis,
642 2361 820 2407 Byzantii
837 2361 940 2406 (Noe
961 2361 1073 2405 7321).

122 2423 261 2460 Differt
293 2435 317 2460 a
336 2424 407 2461 Ph.
431 2423 581 2462 nodosa
609 2426 769 2462 caudice
796 2427 1013 2462 incrassato
1045 2427 1240 2472 cespitoso
1275 2429 1311 2461 et
1347 2425 1528 2460 caulibus
1574 2425 1659 2461 basi
1703 2435 1778 2460 non

75 2471 496 2554 ·D0d{>SjS‚bglU‚¹¹¹arum
515 2473 580 2509 ala
601 2473 676 2509 sub
702 2474 814 2520 apice
837 2474 998 2520 oblique
1021 2476 1201 2509 truncata
1236 2475 1273 2508 et
1303 2473 1526 2517 rotundam,
1554 2473 1780 2519 squamulis

83 2528 158 2554 neu
179 2529 232 2554 ris
284 2530 370 2555 inis.

120 2584 184 2619 Ar.
206 2584 339 2630 Geoqr.
361 2584 496 2621 Gallia
514 2585 701 2621 australis
723 2595 846 2632 prope
868 2585 1104 2628 Massiliam,
1119 2585 1246 2629 Italia,
1270 2584 1417 2631 Sicilia,
1438 2585 1567 2620 Africa
1586 2584 1770 2620 borealis.

136 2683 172 2724 7.
202 2683 304 2726 Ph.
332 2685 733 2729 caerulescens
756 2686 892 2739 (Dess.
918 2687 1004 2730 All.
1024 2687 1057 2738 I,
1081 2700 1122 2741 p.
1149 2687 1240 2741 56).
1265 2687 1439 2730 caudice
1467 2686 1656 2741 obliquo.
1681 2698 1780 2727 can-

76 2740 190 2784 libus
214 2742 304 2786 basi
324 2743 367 2785 in
393 2744 528 2786 nodos
561 2745 631 2786 1-3
656 2745 925 2799 incrassatis,
944 2746 1053 2788 soliis
1073 2747 1344 2793 acuminatis,
1370 2746 1521 2798 vagina
1551 2746 1778 2798 superiore

73 2800 325 2853 summata,
355 2802 556 2856 panicula
583 2803 819 2856 spiciformi
854 2805 1350 2858 oblongo-cylindracca,
1378 2805 1559 2856 spiculis
1583 2804 1775 2846 basilari-

76 2858 158 2902 bus
204 2860 426 2904 interdum
469 2863 652 2910 neutris,
687 2863 846 2916 glumis
887 2864 1047 2917 saepius
1096 2864 1483 2906 caerulcscentilius
1524 2863 1775 2904 lanccotatis

70 2919 332 2962 acuminatis
375 2932 512 2975 prope
551 2922 792 2974 marginem
826 2919 1067 2966 uninerviis
1092 2923 1221 2965 dorso
1256 2922 1321 2964 ala
1351 2923 1431 2964 lata
1453 2922 1776 2964 eroso-dentata

70 2982 336 3022 excurrente
360 2980 426 3022 vel
453 2979 535 3023 sub
560 2981 679 3035 apice
709 2981 893 3024 evanida
922 2983 1071 3032 auctis,
1099 2982 1280 3024 flosculo
1308 2980 1662 3035 lierniaplirodito
1690 2981 1778 3033 glu-
