2089 3246
93 203 404 251 Polyyonatum.
785 210 1096 237 ASPARAGACEAE
1719 203 1791 239 333

86 285 216 341 genio
237 296 369 339 parvo
388 295 521 336 supra
539 283 735 325 ovarium
755 285 1004 333 constricto,
1032 284 1264 328 litamentis
1286 284 1514 331 ciliatis‘iu‘.
1544 285 1587 327 P.
1605 285 1788 338 polyan-

92 345 287 388 themum
314 341 520 384 Dietricb.
539 365 589 370 —
608 340 757 394 Polyq.
784 341 1006 386 Orientale
1032 345 1148 387 Dess.
1168 343 1282 385 Ann.
1307 343 1416 385 Mus.
1445 343 1518 394 lx,
1545 345 1614 393 50,
1642 345 1724 385 tab.
1749 347 1787 386 7.

101 428 139 434 —
175 402 299 445 Jaub.
329 405 372 444 et
407 400 477 454 Sp.
507 399 572 442 ΙΙΙ.
601 400 686 442 tab.
715 401 793 443 4141
826 424 880 432 —
915 402 963 444 P.
988 403 1213 445 Cilic-icum
1237 401 1385 444 Schott
1417 405 1459 443 et
1499 403 1575 455 ΚΥ.
1606 403 1790 444 OEsterr.

96 463 181 505 bot.
208 461 356 562 Wgch.
382 459 475 510 VII,
496 463 552 514 Tp.
580 460 664 502 206
691 471 743 502 ex
765 460 1075 514 speciminibus
1100 460 1225 504 valde
1246 461 1511 514 imperfectis
1547 461 1628 502 linc
1667 474 1788 515 spec-

93 525 190 565 tare
214 521 254 563 vi
290 522 404 562 etur.

143 603 244 639 Hab.
265 603 305 638 in
323 604 454 638 monte
475 601 756 648 Bulgliardagb
775 601 921 638 Ciliciae
948 602 1043 648 (ΚΥ.
1065 602 1189 649 2521),
1215 607 1346 639 monte
1383 605 1536 638 Amano
1567 604 1690 648 Syriai
1719 603 1788 638 ho-

94 651 213 687 realis
235 650 331 695 (ΚΥ.
349 649 471 693 2131),
490 648 735 695 Cappadocia
749 649 945 695 (Tonrn.),
961 651 1086 686 Ponto
1105 651 1240 686 Lazico
1258 661 1374 694 supra
1393 650 1630 686 Kbabacknr
1645 650 1789 694 (Ball).

94 698 239 734 Tauria
266 696 515 732 meridionali
547 697 701 740 (Stev.),
731 698 908 732 Caucaso
938 697 1010 739 (M.
1046 697 1116 741 8.),
1147 708 1257 743 prov.
1293 697 1505 741 Karabagh
1538 700 1573 732 et
1613 697 1786 742 'l'alyscli

85 746 154 790 (C.
180 746 225 781 A.
245 744 304 780 Ml
326 744 473 789 Hohl),
490 743 688 788 Hyrcania
706 744 848 788 (Aucti.
867 743 962 780 5362
975 746 1011 787 l),
1034 744 1167 780 Persia
1186 744 1334 780 boreali
1353 745 1502 788 (Bulnse
1517 746 1558 788 !).

139 817 274 853 Flores
292 817 348 852 eis
371 825 634 862 congerierum
657 816 862 852 manifeste
887 817 1074 852 minores.

154 937 193 978 6.
218 935 277 978 P.
306 932 738 978 verticillatum
765 934 832 988 (L.
855 935 929 988 Sp.
959 936 1039 977 451
1072 935 1154 978 sub
1179 933 1477 988 Convallarici)
1501 935 1621 976 caule
1644 935 1792 985 glabro

90 995 208 1037 elato
246 994 448 1047 angulato
485 993 652 1036 inferne
683 993 811 1048 nudo,
838 995 949 1036 soliis
980 994 1228 1037 numerosis
1256 1005 1333 1048 per
1373 994 1446 1034 4-8
1479 993 1521 1034 in
1557 994 1791 1035 verticillos

97 1053 424 1108 approximatos
458 1052 679 1105 dispositis
718 1053 949 1095 sessilibus
988 1053 1316 1106 erecto-patulis
1369 1052 1793 1094 lineari-lanceolatis

98 1113 307 1167 utrinque
330 1112 564 1154 attenuatis
589 1112 744 1162 acutis,
765 1112 984 1165 corymbis
1008 1112 1228 1153 2-3-l'loris
1263 1123 1316 1153 ex
1349 1111 1490 1153 axillis
1527 1111 1794 1153 verticillatis

93 1173 287 1222 cernuis,
320 1171 539 1224 perigonio
569 1183 702 1221 parvo
727 1172 916 1214 tenuiter
937 1170 1190 1224 cylindrico.
1215 1170 1446 1212 filamentis
1480 1170 1702 1222 papillosis
1735 1175 1794 1216 26.

98 1230 147 1273 P·
173 1229 483 1272 verlim'llatmn
504 1230 590 1271 All.
614 1229 719 1272 Ped.
752 1229 783 1283 Ι,
816 1231 908 1272 131.
930 1254 983 1260 -
1007 1230 1069 1272 Fl.
1090 1230 1200 1272 Dan.
1227 1230 1311 1272 tab.
1331 1230 1399 1271 86.
1430 1252 1478 1258 -
1501 1228 1631 1271 Rellb.
1652 1227 1794 1271 Germ.

98 1289 170 1342 fig.
203 1290 301 1332 966.

145 1372 244 1407 Hab.
262 1373 302 1407 in
317 1371 521 1417 sylvaticis
542 1370 761 1417 subalpinis
784 1374 821 1406 et
839 1370 996 1417 alpinis,
1016 1371 1166 1407 Pontus
1187 1371 1352 1406 Lazicus
1372 1380 1493 1416 supra
1527 1369 1663 1414 Djimil
1686 1368 1796 1404 7200·

92 1419 188 1464 (Bal
203 1421 241 1464 !)‚
268 1419 377 1466 alpes
392 1418 524 1453 Guriae
546 1418 663 1462 (Szov
682 1420 719 1462 !)‚
746 1418 948 1453 Caucasus
975 1418 1228 1454 occidentalis
1251 1419 1311 1462 (G.
1336 1419 1382 1453 A.
1405 1418 1441 1452 M
1459 1418 1495 1461 !)‚
1532 1420 1568 1451 ct
1594 1417 1796 1451 orientalis

100 1468 140 1503 in
168 1467 316 1502 ditione
338 1465 483 1501 Tindal
503 1465 606 1501 ‘18th'
640 1465 813 1512 (Ruprl)‚
839 1465 966 1501 Iberia
1000 1469 1039 1502 et
1079 1465 1259 1501 Imeretia
1295 1465 1436 1509 (Led),
1471 1464 1589 1499 vallis
1624 1463 1794 1498 Kurrum

96 1513 321 1560 Affghaniae
342 1512 479 1557 (Aitch
497 1515 532 1557 l).

149 1584 213 1621 Ar'.
235 1585 370 1629 Geoqr.
390 1584 546 1630 Europa
566 1582 734 1619 borealis
754 1586 791 1619 et
809 1583 941 1619 media
962 1594 984 1619 a
999 1583 1205 1619 Britannia
1223 1587 1259 1618 et
1276 1582 1601 1619 scandinaviam
1615 1583 1797 1617 Bossiam

101 1632 289 1675 mediam,
310 1632 547 1678 Hispaniam
570 1629 778 1674 borealem,
799 1630 954 1666 Italiam
973 1631 1198 1674 eentralem,
1223 1631 1423 1674 Bosniaun,
1442 1631 1649 1673 tlroatiani,
1682 1631 1801 1675 regio-

105 1689 197 1716 nem
218 1678 500 1724 Danubialem,
517 1679 624 1724 regio
644 1678 877 1723 Himalaica‚
903 1677 1050 1714 Sibiria
1071 1678 1289 1714 Uraleusis.

93 1857 219 1903 Sec‘r.
247 1858 322 1901 111.
346 1858 720 1902 ASPARAGEAE.
741 1884 796 1891 —
822 1859 1103 1912 Perigonium
1152 1859 1439 1913 sexpartitum
1463 1859 1530 1900 vel
1552 1857 1803 1910 gamopliyl-

335 1919 424 1961 lum
452 1919 771 1962 sexdcntatum.
820 1943 879 1948 —
902 1918 1019 1961 Folia
1049 1919 1100 1961 ad
1131 1920 1388 1973 squamulas
1419 1918 1620 1961 reducta:
1648 1928 1798 1957 eorum

336 1979 430 2020 loco
473 1978 629 2020 ramuli
675 1978 849 2021 steriles
892 1978 1140 2021 fasciculati
1185 1977 1375 2020 subulati
1426 1977 1492 2019 vel
1545 1974 1802 2028 complantati

341 2036 570 2091 (cladodia,
594 2036 919 2093 pliyllocladia).

619 2214 912 2263 ASPARAGUS
940 2214 999 2277 (L.
1036 2215 1132 2264 Gen.
1169 2213 1292 2274 424).

171 2364 442 2420 Perigonium
471 2366 725 2409 corollinum
751 2368 1101 2421 campanulatum
1139 2367 1204 2409 vel
1230 2365 1593 2418 hemispliericum
1629 2376 1807 2417 sexpar-

109 2425 252 2468 titum.
290 2424 480 2467 Stamina
520 2437 596 2467 sex
628 2426 759 2468 libera
800 2426 964 2469 inclusa
1001 2426 1182 2481 aequalia
1226 2437 1361 2480 prope
1395 2424 1517 2466 basin
1559 2423 1804 2478 pliyllorum

111 2483 510 2533 inserta,antl1erze
547 2484 766 2528 dorsitixae
793 2485 1033 2528 introrsum
1067 2485 1352 2527 dehiscentes.
1385 2483 1591 2526 Ovarium
1631 2482 1806 2524 trilocu-

112 2542 203 2586 lare
240 2544 392 2586 loculis
417 2543 786 2598 ⁶2-plur10vulatis,
812 2545 954 2597 stylus
982 2548 1128 2587 rectus
1157 2543 1371 2586 filisormis
1397 2542 1594 2594 stigmate
1634 2541 1806 2583 trilobo.

111 2600 297 2645 Fructus
329 2603 610 2645 succulentus
643 2603 843 2647 baccatus
876 2603 1139 2646 trilocnlaris
1164 2603 1316 2645 abortu
1354 2613 1468 2655 saepe
1507 2599 1804 2642 uuilocularis.

114 2658 286 2703 Semina
324 2659 498 2714 globosa
537 2662 603 2704 vel
634 2662 865 2716 triquetra.
904 2686 961 2692 —
997 2662 1153 2705 Herbae
1199 2673 1415 2715 perennes
1452 2660 1515 2700 vel
1556 2658 1808 2701 suffrutices

114 2720 414 2762 ramosissimi.
443 2719 558 2763 Folia
579 2720 631 2762 ad
658 2721 910 2775 squamulas
935 2720 1025 2763 basi
1061 2722 1223 2774 schius
1250 2721 1291 2761 in
1316 2721 1454 2761 calcar
1483 2719 1549 2760 vel
1577 2719 1616 2759 in
1640 2717 1808 2770 spinam

114 2779 348 2831 productas
367 2779 557 2822 reducta.
580 2779 703 2821 Rami
720 2780 895 2822 steriles
917 2779 1160 2835 (cladode'a)
1184 2780 1224 2821 in
1247 2779 1390 2820 axillis
1415 2777 1645 2820 fasciculuti
1666 2775 1811 2817 rarius

115 2836 312 2879 solitarii.
341 2837 489 2880 Flores
510 2838 664 2881 abortu
687 2838 811 2881 dioici
833 2839 898 2882 vel
920 2839 1152 2893 polygami,
1167 2835 1677 2889 rariuslierniapliroditi,
1692 2833 1810 2886 pedi-

114 2894 234 2938 cellis
260 2896 501 2940 articulatis
524 2897 706 2940 suffulti.
734 2924 789 2930 —
806 2897 982 2952 Species
1016 2896 1234 2940 nonnullae
1259 2895 1399 2950 quoad
1427 2894 1676 2937 variationis
1703 2891 1818 2933 limi«

117 2955 183 2996 tes
216 2954 408 2998 nondum
434 2955 539 3000 satis
564 2960 688 2999 notae.
