2089 3246
86 209 252 248 Allium.
846 217 1041 244 LIIJAOEAE
1720 215 1791 253 281

135 289 237 325 Hab.
257 288 295 323 in
320 287 520 333 argillosis
538 286 587 322 ad
608 286 763 322 fodinas
783 288 875 334 pagi
900 288 1093 325 Gorumse
1117 288 1277 325 ditionis
1308 290 1466 326 Kassan
1497 292 1599 338 Oglu
1635 294 1789 330 Ciliciae

87 336 300 381 orientalis,
317 335 385 371 alt.
403 334 509 371 4200·
528 334 624 380 (Ky.
644 334 765 380 1681).

135 397 426 446 Sesquipeda1e‚
445 397 541 434 folia
562 397 626 433 4-5
650 397 774 433 lineas
801 397 893 441 lata,
925 399 1100 435 umbella
1134 409 1232 435 nuce
1269 400 1391 447 duplo
1424 404 1557 447 major.
1585 405 1708 440 Affine
1740 407 1788 441 A.

89 446 227 495 Cyrillz'
242 450 280 482 et
300 446 348 481 A.
365 443 649 493 chrys-anthero
667 444 796 480 differt
814 445 937 481 bulbo
957 448 995 481 et
1013 446 1196 482 umbellis
1224 448 1456 493 minoribus,
1478 449 1581 484 soliis
1612 454 1786 495 margine

91 493 356 539 denticulatis,
375 492 587 528 tilamentis
609 491 740 539 planis
758 502 827 528 nec
845 493 1063 529 carnosul'is
1089 490 1290 540 carinam,
1318 495 1521 542 abruptius
1553 500 1782 534 attenuatis.

155 595 252 637 1³29.
279 594 340 637 A.
372 592 665 637 reflexum
690 592 849 648 (Boiss.
886 597 930 636 et
959 594 1075 637 Reut
1112 594 1230 650 Mss.)
1257 595 1387 638 bulbo
1416 597 1616 639 mediocri
1644 603 1781 650 ovato,

91 666 219 708 scapo
262 655 388 696 tereti
426 657 548 706 parte
587 653 780 695 inferiori
822 653 988 707 solioso,
1017 654 1128 696 soliis
1162 654 1325 707 glaucis
1362 655 1785 701 lineari-lanceolatis

87 713 384 756 canaliculatis
426 712 618 765 margine
645 712 896 755 aculeolalis
918 724 1047 765 scapo
1091 714 1380 763 brevioribus,
1413 715 1564 768 spatha
1599 717 1784 759 umbella

87 772 288 815 breviore
312 771 486 813 demum
507 770 647 812 lobata
671 770 852 824 reflexa,
884 772 1084 813 unibellae
1112 772 1357 814 multiflorae
1385 773 1518 816 dense
1561 775 1786 828 fastigiata}

85 830 307 887 pedicellis
332 830 614 884 capillaribus
643 829 751 871 flore
779 831 949 883 7-8-plo
978 831 1262 884 luigioribus,
1292 833 1499 884 perigonii
1538 835 1781 875 ochroleuci

86 890 247 945 phyllis
269 889 576 944 angustissime
597 888 836 931 linearibus
857 889 1076 932 filamento
1105 890 1380 933 brevioribus
1402 891 1572 933 demum
1597 893 1783 943 reflexis,

87 950 321 991 tilamentis
349 947 732 991 ssavo—virentibus
756 949 1062 991 crassiusculis
1087 949 1335 992 lanceolatis
1361 951 1525 992 sensim
1551 952 1791 994 attenuatis

86 1007 372 1050 interioribus
401 1007 626 1050 latioribus
652 1006 744 1049 basi
770 1008 1184 1059 ovato-lanceolatis,
1208 1009 1404 1050 antheris
1437 1010 1562 1051 ssavis
1603 1020 1660 1060 26.

135 1080 238 1116 Hab.
270 1081 309 1116 in
343 1081 583 1126 graminosis
613 1080 910 1127 Mesopotamiae
937 1081 1040 1116 inter
1071 1080 1165 1116 Orsa
1192 1083 1230 1116 et
1247 1082 1498 1117 Tebarmclik
1528 1082 1576 1117 ad
1609 1086 1783 1118 montem

84 1128 358 1174 Nimroddagh
374 1127 606 1173 (Hausskl).
625 1127 764 1164 Flores
784 1127 950 1164 odorati.
971 1128 1028 1164 ΕΙ.
1050 1128 1165 1164 Maio.

134 1195 430 1242 Sesqtiipedale,
448 1194 542 1230 folia
555 1194 620 1230 5-7
637 1194 763 1230 lineas
780 1194 880 1238 lata,
899 1195 1018 1230 facies
1038 1194 1075 1230 A
1105 1194 1331 1242 decipientis
1360 1206 1382 1230 a
1409 1205 1487 1241 quo
1515 1195 1644 1231 differt
1675 1196 1783 1242 pedi-

84 1243 194 1279 cellis
215 1241 555 1278 numerosissimis
580 1242 872 1277 ettenuissimis
898 1241 1208 1288 (pollicaribus),
1230 1243 1391 1278 floribus
1422 1244 1652 1287 minoribus,
1686 1244 1782 1288 peri-

86 1289 434 1335 goniilutescentis
453 1289 603 1335 phyllis
622 1289 915 1335 angustissimis
935 1289 1013 1324 fere
1027 1289 1248 1330 subulatis;
1269 1290 1318 1324 ab
1340 1291 1387 1325 Α.
1416 1290 1654 1333 stenopeealo
1675 1290 1782 1335 pedi-

84 1337 194 1373 cellis
212 1336 472 1382 longioribus,
492 1336 634 1371 florum
652 1336 794 1383 colore,
822 1336 1017 1382 perigonii
1035 1336 1184 1383 phyllis
1205 1336 1494 1372 filainentorum
1526 1338 1781 1384 proportione

83 1384 337 1420 abbreviatis.
360 1384 520 1420 Cultum
540 1383 781 1419 characteres
803 1384 990 1419 servavit.

148 1493 244 1535 130.
272 1492 336 1535 A.
378 1491 754 1545 hirtifolium,
795 1492 982 1544 bulbo...‚
1014 1504 1142 1547 scapo
1176 1494 1302 1536 tereti
1341 1494 1451 1536 elato
1498 1494 1626 1546 nudo,
1668 1491 1782 1536 soliis

84 1552 325 1595 linearibus
372 1556 494 1605 parte
539 1551 734 1594 inferiori
777 1552 1074 1595 canaliculatis
1115 1552 1285 1606 papillis
1322 1554 1431 1595 albis
1470 1554 1672 1596 flexuosis
1714 1553 1781 1596 vel

84 1611 334 1654 retroflexis
361 1611 505 1662 hirtis,
531 1611 683 1664 spatha
706 1611 942 1664 plurivalvi
973 1612 1160 1654 umbella
1184 1612 1398 1665 brev-iore,
1425 1613 1610 1654 umbella
1640 1612 1786 1654 multi-

82 1671 193 1713 ssora
219 1672 413 1713 convexa
438 1670 658 1724 pedicellis
688 1669 793 1712 flore
826 1671 1027 1724 sextuplo
1053 1671 1336 1724 longioribus,
1378 1671 1585 1724 perigonii
1623 1671 1782 1724 pallide

85 1730 199 1772 rosei
224 1730 384 1784 phyllis
409 1729 647 1785 linearibus
673 1729 847 1772 tandem
872 1729 1063 1774 flaccidis
1100 1730 1324 1780 revolutis,
1355 1730 1584 1772 filamenlis
1615 1730 1783 1782 perige-

84 1788 155 1831 nio
178 1789 453 1831 brevioribus
472 1797 605 1843 supra
625 1788 747 1830 basin
768 1788 985 1832 dilatatam
1002 1793 1227 1831 connatam
1251 1789 1577 1842 abruptiuscule
1596 1793 1637 1830 et
1657 1790 1780 1840 longe

82 1847 310 1901 subulatiS,
343 1848 520 1902 capsula
553 1847 729 1900 globosa
755 1851 904 1891 retusa
942 1854 1001 1896 26.
1030 1849 1079 1890 A.
1106 1851 1480 1900 atropurpareum
1506 1860 1592 1889 var.
1636 1847 1778 1888 scirta-

79 1905 172 1948 lam
197 1905 329 1958 Regel
353 1907 463 1950 Mon.
492 1920 537 1962 p.
567 1907 664 1949 248.

126 1980 228 2017 Hab.
257 1981 298 2016 in
327 1981 458 2017 Persia
491 1990 613 2028 prope
644 1980 816 2027 Ispahan
846 1981 990 2026 (Auch.
1021 1981 1169 2027 53891),
1204 1981 1243 2016 in
1273 1981 1471 2016 montibus
1509 1980 1781 2024 Baclitiaricis‚

82 2027 210 2071 (Bode
230 2038 280 2064 ex
301 2028 456 2075 Regel).

127 2092 240 2128 Folia
255 2093 463 2129 5-6-lmeas
478 2093 570 2139 lata,
592 2093 775 2140 pedicelli
802 2093 914 2129 12-15
932 2093 1058 2129 lineas
1087 2093 1206 2138 longi.
1232 2092 1371 2128 Differt
1404 2093 1454 2127 ab
1481 2092 1666 2128 omnibus
1697 2091 1782 2126 assi-

82 2139 202 2176 nibus
221 2140 467 2186 indumento,
485 2141 536 2176 ab
569 2142 621 2176 A.
649 2145 943 2187 atropurpureo
963 2141 1022 2176 W.
1048 2141 1094 2176 K.
1131 2140 1333 2187 pedicellis
1363 2140 1563 2185 elongatis,
1592 2138 1783 2186 perigonii

83 2187 222 2233 colore,
249 2187 462 2223 filamentis
487 2187 614 2223 multo
635 2187 794 2235 longius
817 2188 1028 2224 subulatis.
1059 2188 1108 2224 A.
1134 2191 1468 2234 atropurparemn
1495 2187 1554 2222 W.
1583 2187 1627 2222 Κ.
1659 2186 1781 2229 legiti-

85 2244 195 2270 mum
223 2244 243 2270 e
258 2234 405 2270 ditione
423 2237 558 2270 nostra
575 2245 654 2271 non
675 2236 782 2281 novi,
801 2235 868 2271 sed
885 2235 940 2271 Cl.
958 2235 1088 2271 Baker
1108 2235 1147 2270 in
1163 2236 1231 2270 litt.
1253 2235 1292 2269 in
1312 2234 1418 2269 valle
1439 2234 1608 2269 lx'urrum
1627 2233 1783 2277 Ailglia-

83 2283 160 2318 niae
178 2282 376 2327 (Aitchis.)
396 2282 545 2318 indicat
560 2282 607 2318 A.
623 2281 826 2319 robustum
842 2282 932 2318 Kar.
943 2286 981 2318 ot
995 2282 1072 2319 Kit.
1087 2282 1257 2328 speciem
1272 2281 1524 2326 Songaricam
1542 2283 1590 2316 A.
1602 2285 1785 2327 ati-opar-

83 2339 208 2376 pureo
226 2329 342 2365 valde
364 2329 525 2365 affinem
543 2334 580 2365 et
593 2340 641 2365 ex
655 2330 829 2376 cLRegel
846 2331 896 2366 ab
914 2339 959 2366 eo
978 2330 1155 2377 specifice
1176 2339 1253 2365 non
1276 2329 1508 2364 distinctam.

148 2439 244 2481 131.
271 2439 334 2483 A.
362 2437 708 2484 lesdianum
734 2441 897 2494 (Boiss.
927 2445 969 2483 et
993 2440 1138 2484 Buhse
1158 2439 1283 2482 Ausz.
1305 2453 1344 2494 p.
1374 2441 1476 2493 217)
1508 2438 1638 2481 bulbo
1661 2441 1788 2479 ovato

85 2508 249 2550 crasso,
274 2510 402 2552 scapo
429 2500 605 2552 apbyllo
635 2500 760 2542 tereti
793 2501 923 2550 elato,
955 2499 1068 2542 foliis
1096 2499 1148 2541 ad
1177 2499 1335 2542 collum
1371 2499 1586 2551 congestis
1613 2496 1787 2538 lineari-

86 2555 168 2599 bus
191 2558 484 2601 canaliculatis
522 2558 642 2612 apice
680 2558 866 2612 abrupte
903 2559 1100 2610 scutatis,
1126 2559 1281 2612 spatha
1316 2558 1436 2599 brevi
1464 2559 1587 2599 ovata
1634 2555 1785 2601 bilobii.

88 2615 277 2658 umbella
301 2617 535 2659 multiflora
561 2617 892 2670 hemispherica‚
923 2617 1145 2671 pedicellis
1175 2616 1281 2660 ssore
1306 2617 1474 2670 4-6-plo
1504 2614 1788 2667 longioribus,

106 2675 319 2727 perigonii
351 2676 563 2730 purpurei
593 2676 750 2730 phyllis
775 2677 1085 2730 angustissime
1114 2676 1354 2718 linearibus
1385 2676 1555 2717 demum
1583 2672 1785 2721 flaccidis,

85 2731 319 2776 filamentis
349 2734 504 2778 albidis
539 2738 676 2789 supra
708 2733 829 2777 basin
867 2736 1085 2778 dilatatam
1114 2739 1340 2777 connatam
1375 2734 1624 2786 longissime
1652 2730 1789 2773 subu-

87 2792 184 2835 latis
210 2793 434 2847 perigonio
460 2794 732 2848 aequilongis.
760 2797 938 2850 capsula
962 2794 1139 2848 globosa
1162 2795 1309 2835 retusa
1343 2799 1402 2841 26.

84 2866 236 2958 (81ΙέΒό
253 2867 315 2960 ¹)in
347 2868 548 2905 montibus
578 2869 724 2905 Persiae
760 2862 964 2906 orientalis
999 2869 1048 2904 ad
1082 2878 1228 2916 pagum
1271 2868 1355 2904 Deli
1398 2867 1503 2903 ballo
1542 2877 1662 2913 propo
1701 2863 1784 2899 lead

140 2924 163 2949 u
196 2924 213 2949 s
283 2943 292 2951 .

132 2976 331 3023 Bipedale‚
351 2978 446 3014 folia
465 2978 621 3025 pedalia
640 2979 705 3016 3-4
725 2979 850 3015 lineas
869 2980 957 3023 lata,
976 2978 1151 3014 umbella
1173 2978 1365 3014 diametro
1385 2979 1406 3012 ι)
1430 2976 1686 3022 “,’.-ρο]1ἰς;ιτ“ις
1721 2972 1784 3008 Ab
