2089 3246
98 199 302 238 VMuscam'.
865 209 1060 236 Limaeam:
1745 203 1816 240 295

749 352 773 402 ξ
807 351 844 392 2.
871 351 1193 396 Plurifolia.

614 481 624 492 ‘
653 479 904 526 Perigonium
922 481 1032 527 apice
1051 481 1316 517 constrictum.

529 585 571 626 4
599 581 830 629 Oblongum
849 583 911 618 vel
933 583 1400 629 oblongo-cylindricum.

175 684 246 727 22.
273 685 342 728 Μ.
361 695 737 729 racemosum
755 686 821 741 (L.
846 686 920 741 Sp.
939 688 1023 729 455
1047 686 1129 729 sub
1152 685 1414 741 Hyacintlco)
1443 686 1571 730 bulbo
1592 687 1817 735 mediocri,

109 743 227 786 foliis
257 749 440 797 anguste
470 745 707 788 linearibus
727 746 1060 800 juncisormibus
1086 757 1278 800 superne
1303 746 1423 788 sulco
1457 747 1648 788 exaratis
1675 747 1816 788 flacci-

110 803 180 846 dis
201 803 319 846 bunii
341 804 548 858 expansis
572 816 700 858 scapo
726 805 1007 858 longioribus,
1038 816 1208 848 racemo
1238 804 1358 847 brevi
1386 811 1512 848 ovato
1537 806 1671 848 denso
1697 805 1817 847 ssori-

113 861 197 905 bus
220 864 440 916 supremis
460 864 627 907 neutris
653 865 823 918 erectis,
848 864 1069 918 pedicellis
1094 864 1478 918 patenti-recurvis
1506 865 1616 907 ssore
1644 864 1816 907 brevio-

111 921 238 964 ribus
262 922 329 964 vel
352 923 624 978 aequilongis‚
642 924 852 977 perigonii
870 928 1064 967 saturate
1085 923 1260 966 caerulei
1281 924 1475 966 nutantis
1493 923 1816 977 ovato-oblongi

113 979 551 1025 tubuloso-urceolati
593 982 799 1025 dentibus
831 983 987 1026 albidis
1021 982 1118 1026 dein
1143 983 1341 1025 caeruleis
1372 983 1600 1026 deltoideis
1628 982 1819 1032 reflexis,

109 1041 304 1094 capsulae
341 1041 478 1084 valvis
508 1041 848 1086 suborbiculatis
885 1042 1004 1097 apice
1039 1044 1122 1084 late
1156 1043 1319 1084 retusis
1366 1044 1426 1088 Ql.
1455 1042 1510 1084 M.
1543 1053 1815 1083 racemoszcm

110 1098 217 1201 gill
248 1098 355 1143 Dict.
384 1099 581 1154 —Jacq.
627 1101 780 1145 Austr.
820 1101 905 1144 tab.
953 1103 1049 1144 187.
1085 1125 1139 1132 —
1179 1099 1488 1154 Botryantlms
1521 1101 1684 1143 odorus
1734 1100 1819 1143 ΚΦ.

154 1170 268 1200 uum.
297 1159 368 1210 IV,
396 1160 495 1203 311.

161 1233 264 1268 Hab.
286 1235 326 1269 in
342 1234 498 1270 collinis
519 1233 636 1269 cultis
663 1235 834 1281 regionis
855 1234 1050 1270 inferioris
1076 1237 1114 1269 et
1134 1233 1359 1279 subalpinae
1390 1234 1514 1269 totius
1547 1233 1625 1269 fere
1657 1233 1819 1269 ditionis

109 1292 136 1316 a
162 1281 330 1317 Graecial
351 1281 419 1317 ubi
441 1281 611 1327 regionis
634 1284 831 1317 montanae
854 1281 1114 1328 Peloponnesi
1142 1281 1282 1325 incola,
1299 1281 1597 1327 Arehipelagol,
1633 1281 1816 1316 Macedo-

115 1328 182 1364 nia
200 1331 239 1363 et
257 1328 424 1365 Thraci-[1
440 1331 458 1372 l,
482 1327 688 1364 Anatolizt!
710 1328 760 1363 ad
780 1329 1000 1365 Caucasum
1015 1333 1051 1364 et
1065 1329 1420 1364 Transvaucasiam
1438 1331 1458 1372 l,
1479 1329 1656 1364 Persiam
1678 1328 1815 1363 borea-

113 1376 204 1418 lem,
227 1376 384 1421 Syriam
408 1376 456 1411 ad
476 1376 630 1422 Aleppo
649 1376 781 1421 (Kyl),
803 1376 1040 1412 Damascum
1059 1378 1085 1421 (‹
1099 1376 1232 1420 tailll),
1254 1376 1452 1412 Libanum
1471 1376 1535 1420 [Bl
1556 1377 1593 1419 l),
1612 1376 1815 1421 Egyptum

115 1423 165 1459 ad
182 1423 465 1459 Alexandriam
483 1423 674 1469 (Letourn
690 1425 730 1469 !).

176 1497 207 1552 β
242 1496 608 1551 ὂναεΙιῃαηίΙιιιηῑ.
646 1520 703 1527 —-
738 1496 1016 1549 Perigonium
1053 1497 1439 1539 subabbreviatum
1471 1497 1820 1540 ovato-urceola-

114 1560 210 1600 tum
231 1580 287 1587 —
314 1556 367 1599 M.
393 1555 716 1610 Stranyweyszfi
740 1554 912 1600 Griseb.
938 1555 1049 1610 Spic.
1076 1556 1129 1609 11,
1169 1570 1209 1610 p.
1257 1557 1340 1599 389
1381 1569 1467 1599 non
1508 1556 1614 1598 Ten.
1658 1580 1712 1587 —
1756 1555 1815 1598 M.

110 1615 447 1659 Szovitsz'anzcm
470 1615 534 1658 Ru
542 1628 606 1671 pr.
634 1616 736 1659 Mss.

163 1699 264 1736 Hab.
287 1700 468 1745 Byzantii
486 1700 527 1735 in
547 1700 768 1736 caemeterio
788 1699 941 1736 Scutari
959 1699 1132 1745 (Griseb.
1162 1699 1280 1736 Wied
1295 1702 1334 1744 ἱ),
1354 1699 1396 1734 in
1430 1698 1600 1745 Olympo
1641 1698 1818 1745 Bithyno

112 1749 285 1793 (Coum!
314 1748 375 1784 W.
405 1747 609 1793 Barbey!)‚
639 1747 689 1783 ad
719 1749 1003 1783 monasterium
1037 1747 1215 1783 Troados
1251 1747 1371 1793 Cypri
1406 1746 1509 1783 4200*
1543 1747 1637 1792 (Ky.
1679 1746 1819 1793 Suppl.

115 1795 239 1842 4051),
259 1795 310 1831 ad
327 1794 416 1830 Boli
444 1795 644 1841 Bithynice
672 1794 808 1840 (Wied
825 1797 864 1841 l),
886 1795 925 1830 in
944 1795 1071 1830 Iberia
1087 1795 1187 1830 eirca
1209 1794 1322 1829 Titiis
1341 1797 1376 1829 et
1396 1794 1613 1830 Kadschori
1632 1793 1757 1841 (Rupr
1771 1796 1813 1838 l).

164 1858 266 1895 Cum
301 1858 355 1894 M.
377 1857 580 1905 botryoide
611 1858 660 1894 ob
686 1858 894 1905 perigonia
927 1858 1161 1893 abbreviata
1192 1857 1380 1894 confundi
1414 1860 1542 1904 potest
1560 1858 1628 1893 sed
1664 1857 1760 1893 folia
1785 1859 1823 1893 et

109 1905 289 1954 capsulae
318 1905 373 1942 M.
391 1906 596 1952 racemosa}
631 1905 680 1941 ad
701 1905 808 1952 quod
835 1905 1079 1942 intermediis
1101 1906 1254 1941 transit.

165 1972 218 2007 Ar
236 1971 367 2016 Geoqr.
389 1969 547 2017 Europa
573 1969 704 2005 media
737 1972 774 2006 et
808 1969 993 2006 australis
1023 1970 1072 2005 ab
1098 1971 1253 2016 Anglia‚
1283 1969 1420 2016 Belgio
1456 1973 1493 2006 et
1524 1969 1739 2005 Germania
1773 1969 1823 2005 ad

112 2017 300 2055 RossIam
320 2017 632 2062 meridionalem,
654 2017 786 2053 Africa
804 2017 987 2053 borealis.

181 2132 247 2173 23.
279 2132 349 2174 M.
374 2128 918 2186 pendulumffrautv.
944 2129 1076 2185 Stirp.
1108 2143 1204 2173 nov.
1235 2130 1440 2185 descript.
1459 2131 1497 2182 5,
1523 2141 1564 2184 p.
1591 2129 1662 2184 16)
1690 2129 1821 2173 bulbo

115 2190 348 2242 mediocri,
377 2191 490 2233 foliis
525 2191 763 2233 linearibus
789 2190 950 2243 glabris
977 2189 1446 2243 canaliculato-plicatis
1475 2192 1822 2232 arcuato-recur-

118 2251 232 2293 vatis
262 2262 390 2305 scapo
429 2250 703 2303 aequilongis‚
742 2262 912 2293 racemo
938 2248 1175 2292 densissoro
1203 2249 1401 2302 oblongo,
1427 2248 1611 2290 floribus
1639 2249 1823 2291 summis

116 2309 350 2352 sterilibus
377 2308 546 2363 pallidis
571 2309 728 2360 ovatis,
756 2308 978 2363 pedicellis
1005 2308 1162 2351 florum
1184 2307 1399 2351 sterilium
1423 2307 1694 2362 perigonium
1724 2307 1826 2350 sub·

110 2370 406 2424 aequantibus,
435 2369 497 2411 eis
525 2368 682 2411 florum
699 2368 905 2411 fertilium
924 2368 1146 2422 pei-igonio
1170 2369 1184 2410 1
1220 2367 1267 2421 ¹l2
1290 2366 1706 2422 duplolongioribus
1720 2378 1825 2420 pen-

118 2427 252 2480 dulis,
283 2428 505 2482 perigonio
539 2432 732 2471 saturate
762 2427 948 2470 caeruleo
978 2427 1312 2480 ovalo-oblongo
1347 2426 1550 2468 tubuloso
1590 2438 1826 2479 campanu-

122 2486 209 2530 lato
222 2487 341 2541 apice
359 2491 573 2530 coarctato
589 2486 794 2530 dentibus
811 2486 1109 2529 concoloribus
1136 2486 1240 2528 tubo
1257 2485 1504 2540 quadruplo
1529 2485 1822 2537 brevioribus,

119 2547 361 2600 capsula...
399 2547 461 2592 Ql.

170 2619 275 2655 Hab.
308 2620 347 2655 in
370 2619 550 2655 Imeretia
563 2629 684 2666 prope
706 2619 846 2655 Kutais
865 2618 1069 2664 (Raddel).
1091 2619 1179 2654 Vid.
1205 2618 1245 2653 in
1265 2618 1373 2654 herb.
1393 2618 1559 2654 Trautv.

171 2683 339 2720 Unicum
359 2685 557 2730 specimen
576 2684 614 2719 in
635 2683 744 2720 herb.
766 2685 812 2719 el.
830 2683 1066 2719 Trauvelter
1085 2683 1180 2719 vidi.
1201 2683 1340 2719 Planta
1362 2683 1476 2719 valde
1497 2683 1627 2719 affinis
1645 2683 1694 2718 M
1719 2692 1827 2719 race-

121 2742 233 2769 moso
254 2734 292 2768 et
321 2731 494 2778 neyleeto
513 2731 564 2766 ab
585 2732 641 2767 eis
705 2731 891 2767 edicellis·
911 2732 1054 2766 {lorum
1091 2731 1280 2766 fertilium
1312 2731 1389 2766 fere
1424 2731 1545 2777 duplo
1584 2731 1829 2777 longioribus

121 2779 307 2827 pendulis
325 2778 543 2826 praesertim
563 2778 664 2814 disce
697 2789 776 2814 ens.
798 2778 968 2814 Ulterius
985 2778 1325 2825 investigandum.

185 2899 253 2941 24.
282 2900 350 2942 M.
379 2897 744 2954 pulchellum
776 2896 948 2952 (lleldr.
981 2900 1023 2939 et
1060 2896 1172 2939 Sart.
1203 2896 1357 2950 Diagn.
1391 2895 1486 2938 Ser.
1518 2896 1570 2943 11,
1593 2896 1632 2949 4,
1659 2909 1698 2950 p.
1728 2897 1827 2945 109)

118 2957 259 3001 ¹bulbo
295 2958 515 3006 mediocri,
539 2957 650 3000 foliis
684 2961 866 3010 anguste
898 2957 1172 2999 lilisormibus
1198 2956 1389 2998 flaccidis
1420 2957 1573 3011 pagina
1598 2956 1830 3010 superiore
