2062 3314
244 241 319 279 220
997 247 1193 274 LILIACEAE
1613 234 1918 284 Ornithoyalum
1928 264 1938 272 .

303 327 372 369 ΞΟ.
405 323 465 369 Ο.
492 322 690 366 nivale
723 322 883 376 (Boiss.
908 323 1060 377 Diagn.
1098 322 1190 366 Ser.
1227 322 1260 368 Ι,
1293 322 1333 373 5,
1362 333 1401 375 p.
1428 319 1505 375 65)
1531 320 1662 364 bulbo
1687 323 1811 366 ovato
1839 322 1942 364 sim-

241 385 354 440 plici,
382 383 493 426 foliis
516 385 699 435 anguste
727 383 966 425 linearibus
990 381 1286 425 canaliculatis
1312 380 1475 434 glabris
1503 378 1784 424 acutiusculis
1811 393 1942 435 scapo

243 443 510 496 longioribus
551 443 632 483 late
672 441 978 494 albo-lineatis,
1019 453 1149 496 scapo
1185 439 1464 490 brevIssimo,
1503 439 1696 493 corymbi
1740 440 1937 482 3-6-ssori

242 501 510 546 densiusculi
546 500 765 554 pedicellis
806 499 992 543 bracteis
1035 499 1377 542 membranaceis
1417 498 1939 541 lanceolam-acuminatis

241 560 495 615 aequilongis
516 559 623 601 flore
658 559 728 600 vix
752 559 1031 611 longioribus,
1059 558 1292 602 fructiferis
1316 557 1566 612 patentibus
1594 557 1796 608 arcuatiS,
1822 557 1943 612 peri-

241 620 356 673 gouii
381 618 538 672 phyllis
579 617 986 672 elliptico-oblongis
1011 617 1180 660 obtusis
1208 618 1291 659 late
1319 616 1674 663 viridi-fasciatis.
1702 616 1937 659 filamentis

243 678 469 721 dimidium
501 677 775 732 perigonium
802 676 1089 731 aequantibus,
1116 676 1303 731 capsulae
1336 675 1524 730 globosae
1545 675 1713 729 augulis
1739 674 1944 729 aequidis-

244 737 436 779 tantibus
469 738 527 780 26.

290 812 393 847 Hah.
414 812 463 847 ad
484 812 593 847 nives
613 810 924 857 deliquescentes
945 811 984 845 in
1012 821 1166 846 summo
1185 811 1387 846 cacumine
1406 809 1596 855 Bozdagh
1612 809 1746 846 Tmoli
1761 810 1943 846 occiden-

243 859 332 895 talis
352 860 483 904 (Boiss
497 860 537 904 ἔ),
554 860 593 894 in
612 858 817 893 montibus
839 858 889 894 ad
909 857 1065 893 Nikilar
1084 857 1228 903 (Auch.
1250 858 1394 903 54012).
1421 857 1479 893 Fl.
1498 857 1587 892 Jun.

285 921 400 958 Folia
416 921 480 957 4-5
504 921 669 968 pollices
693 922 813 966 longa
832 921 978 956 lineam
1005 921 1097 966 lata,
1124 921 1375 967 perigenium
1395 923 1436 957 ut
1454 922 1492 956 et
1513 919 1694 967 pedicelli
1719 930 1791 956 sex
1808 919 1937 956 lineas

242 969 391 1005 circiter
428 969 603 1013 longum,
631 968 795 1014 capsula
826 968 1100 1013 magnitudine
1132 968 1218 1014 pisi.
1254 968 1313 1003 Ex
1341 968 1387 1003 cl.
1425 967 1555 1003 Baker
1592 968 1767 1003 varietas
1807 967 1944 1014 alpina

245 1016 285 1052 O.
309 1014 514 1051 umbellaci
542 1015 610 1050 sed
643 1015 695 1049 ab
730 1025 774 1051 eo
808 1015 930 1051 bulbo
966 1015 1135 1062 simplici
1167 1017 1204 1050 et
1235 1015 1528 1051 characteribus
1543 1014 1705 1050 omnino
1729 1014 1936 1059 abhorret;

238 1063 355 1098 affine
375 1065 509 1098 autem
530 1061 570 1098 Ο.
589 1072 696 1098 nano
717 1073 739 1097 a
759 1073 838 1108 quo
860 1063 998 1108 praeter
1018 1062 1116 1097 folia
1137 1061 1216 1097 late
1235 1062 1496 1098 albo-lineata
1520 1061 1650 1097 differt
1668 1062 1831 1098 floribus
1860 1062 1933 1097 mi-

242 1109 416 1155 noribus,
435 1109 635 1156 pedicellis
656 1109 911 1154 abbreviatis,
930 1109 1092 1156 capsula
1109 1119 1278 1156 superne
1301 1119 1380 1145 non
1402 1110 1518 1145 alata.

863 1229 904 1269 -l-
933 1230 974 1271 -l-
1003 1227 1175 1274 Capsula
1201 1228 1318 1263 alata.

307 1319 374 1361 ⁰21.
398 1317 459 1361 Ο.
487 1328 713 1361 nanum
737 1317 896 1373 (Sibth.
922 1322 963 1361 et
989 1318 1078 1362 Sm.
1109 1319 1170 1361 Fl.
1197 1318 1273 1362 Gr.
1301 1319 1374 1372 IV,
1405 1332 1447 1373 p.
1475 1319 1544 1370 28,
1572 1319 1656 1360 tab.
1682 1318 1786 1374 332)
1810 1318 1944 1362 bulbo

245 1378 504 1431 subgloboso
539 1377 737 1430 simplici,
766 1378 878 1421 foliis
912 1382 1095 1431 anguste
1120 1379 1360 1421 linearibus
1385 1378 1681 1421 canaliculatis
1708 1378 1946 1421 concolori-

246 1437 328 1478 bus
361 1436 550 1479 arcuatis
581 1435 833 1489 corymbum
871 1438 1199 1490 superantibus,
1227 1450 1355 1491 scapo
1389 1435 1652 1480 brevissimo
1697 1438 1767 1480 vel
1810 1437 1947 1490 nullo,

244 1495 450 1548 corymbo
478 1495 730 1550 paucissoro,
762 1495 986 1548 pedicellis
1023 1497 1194 1539 bractea
1226 1497 1473 1540 ventricosa
1503 1496 1948 1549 oblongo-lanceolata

243 1553 607 1596 subbrevioribus
645 1554 877 1597 fructiferis
908 1555 1357 1609 arcuato-patentibus
1386 1556 1453 1597 vel
1486 1555 1772 1598 subrefractis
1801 1555 1945 1598 fructu

241 1616 398 1661 erecto,
438 1612 645 1666 perigouii
684 1613 843 1666 phyllis
876 1614 1120 1656 lanceolatis
1156 1615 1470 1657 obtusiuscnlis
1501 1614 1609 1657 albis
1638 1614 1769 1657 dorso
1795 1614 1945 1657 viridi-

242 1672 419 1724 striatis,
460 1671 691 1714 filamentis
733 1672 953 1725 perigenio
996 1672 1172 1715 dimidio
1219 1673 1509 1723 brevioribus,
1551 1674 1728 1727 capsula
1763 1673 1943 1728 globosa

241 1730 394 1773 obtusa
412 1730 583 1784 augulis
608 1729 785 1772 binatIm
806 1731 1206 1785 subapproximatis
1236 1745 1428 1786 superne
1455 1733 1581 1776 alatis
1613 1736 1672 1778 26.

290 1804 392 1840 Hah.
414 1805 454 1840 in
470 1804 624 1840 Graeci-iz
640 1804 690 1839 ad
709 1805 861 1840 radices
880 1806 1028 1841 montis
1050 1805 1210 1841 Maenali
1229 1806 1370 1850 (Heldr
1388 1808 1427 1851 l),
1444 1809 1577 1842 monte
1590 1807 1747 1843 Malevo
1765 1806 1943 1843 Laconiae

243 1852 407 1890 (Heldrl
430 1851 540 1898 Orph
556 1853 593 1898 l),
619 1852 788 1896 Kyllene
814 1852 941 1898 (Oi-ph
961 1855 999 1898 l),
1031 1853 1200 1888 Thracia
1229 1854 1279 1889 ad
1311 1854 1610 1901 Philippopolin
1644 1855 1756 1899 (Friv
1770 1855 1809 1899 1),
1841 1854 1944 1890 circii

244 1900 478 1944 Byzantium
501 1899 681 1945 frequens
704 1899 851 1943 (Sibth.
874 1900 979 1935 ΝΟΜ
998 1901 1122 1936 Auen.
1137 1900 1280 1946 21452),
1296 1902 1336 1937 in
1353 1901 1543 1947 Bithynia
1563 1901 1734 1946 (Thu-ke
1749 1904 1786 1947 l),
1804 1902 1943 1937 Arme-

245 1949 311 1982 nia
331 1947 496 1983 Turcicu
518 1946 720 1991 (tlalv!)et
738 1947 902 1983 Rossica
923 1948 1074 1991 (Buhse
1092 1950 1131 1993 t).

303 2013 333 2066 β
369 2011 575 2063 lonqipes.
611 2010 855 2065 Corymbus
896 2013 1045 2058 laxior,
1075 2013 1273 2066 pedicelli
1313 2013 1525 2056 fructiferi
1551 2013 1739 2067 elongati
1770 2013 1877 2055 flore
1903 2015 1947 2055 et

245 2071 415 2115 bractea
455 2071 690 2114 lanceolata
726 2070 900 2114 demum
937 2071 1069 2125 duplo
1107 2073 1336 2124 longiores.
1369 2071 1563 2116 Variatio
1600 2073 1875 2115 intermediis
1898 2072 1943 2114 in

245 2135 397 2185 typum
422 2130 659 2173 transiens.

291 2205 392 2240 Hah.
420 2204 596 2249 Byzantii
617 2214 704 2239 cum
726 2204 851 2239 formai
870 2204 1020 2250 typica!
1039 2205 1078 2240 in
1098 2205 1250 2240 saxosis
1272 2205 1321 2240 acl
1343 2205 1516 2241 Athenas
1535 2207 1574 2241 et
1592 2205 1632 2240 in
1659 2207 1794 2241 monte
1816 2205 1940 2250 Cory·

242 2252 332 2288 ‹lalo
350 2252 494 2297 (Heldr
506 2253 542 2295 t),
554 2251 652 2286 eirca
664 2251 799 2286 Patras
814 2251 995 2297 (Boissl),
1007 2251 1196 2297 Zacynthi
1216 2252 1344 2297 (Marg
1359 2254 1398 2298 l),
1411 2253 1593 2299 Corcyrae
1608 2252 1882 2296 (Letourneux
1895 2253 1937 2297 t).

291 2316 332 2353 O.
355 2326 477 2352 exsca
506 2326 576 2351 um
603 2315 700 2350 Ten.
720 2315 777 2350 Fl.
796 2315 908 2362 Nap„
927 2316 1005 2351 tal).
1023 2316 1068 2351 44
1085 2327 1134 2351 ex
1154 2316 1266 2353 Italia
1297 2316 1427 2352 differt
1451 2319 1604 2352 tantum
1640 2327 1664 2352 a
1693 2316 1881 2352 varietate
1914 2314 1944 2363 β

243 2364 348 2400 foliis
365 2364 474 2399 albo·
495 2363 649 2406 ineatis,
670 2363 830 2408 capsula
853 2363 1183 2410 ovato-oblonga.

303 2465 374 2505 22.
399 2462 457 2506 0.
481 2461 920 2518 oliqophyllum
950 2462 1124 2518 (Clarke
1153 2463 1280 2506 Trav.
1314 2464 1425 2517 VIII,
1449 2477 1489 2519 p.
1516 2464 1619 2519 224)
1650 2464 1779 2507 bulbo
1802 2466 1944 2514 ovate,

241 2523 353 2566 foliis
396 2522 654 2575 “bil-glabris
689 2523 1085 2575 lineari-lingulatis
1138 2526 1259 2577 parte
1304 2524 1499 2566 inferiori
1542 2525 1666 2576 longe
1709 2522 1943 2566 attenuatis

239 2582 408 2625 obtusis
434 2583 499 2623 vel
529 2582 811 2623 acutiusculis
838 2581 1231 2629 subcanahculatis,
1260 2594 1391 2637 scapo
1419 2583 1570 2625 humili
1595 2583 1707 2625 foliis
1739 2583 1942 2624 breviore

248 2642 314 2682 1-3
343 2641 485 2684 rarius
511 2640 734 2691 5-7-ssoro,
762 2641 981 2693 peu‘licellis
1006 2642 1136 2684 flores
1164 2645 1205 2683 et
1231 2642 1426 2684 bracteas
1452 2642 1707 2685 lanceolatas
1731 2653 1946 2694 superan-

243 2699 358 2743 tibus
386 2699 623 2742 fructiferis
649 2701 896 2753 patcntibus
921 2701 1096 2743 demum
1121 2701 1310 2753 reflexis,
1333 2701 1542 2754 perigenii
1568 2700 1727 2755 phyllis
1747 2699 1944 2753 oblongis

241 2759 408 2801 obtusis
459 2760 540 2802 late
582 2762 624 2799 et
674 2759 829 2811 pallide
874 2759 1089 2802 viridibus
1131 2759 1503 2813 albo-marginatis
1550 2760 1744 2802 externis
1789 2758 1943 2801 obtuse

241 2818 523 2866 muci-enatis,
557 2818 788 2859 filamentis
816 2818 1040 2860 dImnlium
1067 2819 1338 2872 perigonium
1377 2819 1654 2872 aequantibus
1694 2817 1942 2861 lanceolatis

239 2877 359 2930 apice
401 2877 593 2919 breviter
632 2878 880 2926 attenuatis,
924 2878 1100 2930 capsula
1143 2880 1267 2920 ovata
1313 2878 1468 2920 obtusa
1510 2879 1745 2931 hexaptera
1794 2882 1851 2923 26.
1891 2875 1939 2917 Ο.

241 2935 432 2977 Anchari
461 2935 598 2978 Boiss.
626 2936 776 2988 Diagn.
803 2936 893 2978 Ser.
924 2936 954 2985 Ι,
979 2938 1018 2986 5,
1049 2950 1085 2989 p.
1116 2939 1184 2978 65.
1208 2960 1263 2967 —
1291 2936 1335 2978 0.
1362 2935 1569 2987 blfolium
1590 2936 1633 2978 C.
1662 2937 1779 2979 Koch
1814 2935 1940 2978 Linn.

239 2994 360 3047 XIX,
392 3009 432 3049 p.
475 2996 533 3035 10.
569 3017 627 3024 —
662 2996 706 3036 0.
741 2995 945 3036 {emulum
979 2994 1126 3038 Schott
1153 3000 1194 3037 et
1229 2996 1304 3050 ΚΥ.
1331 2996 1443 3038 (Est.
1479 2996 1631 3038 Woch.
1668 2994 1740 3048 lV,
1777 3008 1816 3049 p.
1846 2995 1944 3037 162.
