2062 3314
250 163 326 201 482
1004 174 1231 201 GRAMROEAE
1772 163 1941 203 Plateam
1951 191 1958 201 .

250 261 445 306 superne
470 248 657 291 dilatatis
683 248 964 304 margineque
984 249 1327 294 membranaceis
1354 252 1398 293 et
1424 248 1564 303 gibbis
1600 248 1722 304 apice
1746 251 1964 294 truncatis

251 310 297 353 in
339 319 592 353 mucronem
631 308 942 351 brevissimum
985 309 1145 353 durum
1181 308 1397 352 dorsalem
1425 308 1671 357 contractis,
1694 309 1899 362 glumella
1922 313 1965 352 et

251 369 379 423 palea
405 368 553 422 gluma
575 367 704 409 tertia
737 369 860 420 parte
895 367 1176 412 brevioribus
1199 367 1394 420 oblongis
1425 365 1595 410 obtusis
1622 367 1963 411 membranaceis

256 431 322 478 Θ.
349 426 469 482 Jacq.
505 425 558 468 Ic.
590 424 692 468 Rar.
720 426 753 478 Ι,
781 424 864 468 tab.
901 428 969 469 14.
991 448 1048 457 —
1075 426 1210 469 Rclib.
1237 425 1386 469 Germ.
1410 425 1480 478 fig.
1506 426 1605 468 486.
1631 450 1686 457 -
1719 425 1798 469 Ph.
1822 426 1964 469 viride

251 485 338 529 All.
367 485 474 529 Ped.
499 484 557 537 ΙΙ,
582 497 623 538 p.
652 484 749 527 232.
778 507 837 515 —
861 484 1112 528 Chilochloa
1137 497 1297 538 aspera
1320 485 1366 529 P.
1392 484 1445 526 de
1468 483 1524 529 B..

301 569 397 606 Hab
427 571 469 605 in
495 568 620 613 siccis,
644 568 824 615 collibus,
858 569 974 615 agris,
1001 569 1157 605 Scutari
1190 578 1312 616 prope
1348 567 1586 614 Byzantium
1618 568 1777 615 (Posti),
1804 567 1963 614 Tauria,

255 627 368 664 prov,
388 616 613 654 Caucasicae
632 617 669 651 et
688 615 1002 653 Transcaucasia
1022 616 1186 661 (Ledeb.
1201 617 1229 661 ).
1246 614 1415 652 Probab.
1438 615 1477 650 in
1499 614 1740 651 Macedonia.

310 692 342 747 β
364 691 578 734 ciliatum.
609 714 665 721 —
698 688 865 733 Glumae
902 691 1048 734 carina
1077 690 1236 733 ciliatae
1272 702 1390 745 saepe
1420 690 1550 744 paulo
1586 689 1756 743 longius
1791 701 1964 733 mucro-

250 756 378 796 natae.
403 775 459 781 —
481 749 562 792 Ph.
587 760 790 791 annuum
815 750 868 792 M.
893 750 939 792 B.
980 749 1111 792 Taur.
1137 748 1265 792 Cauc.
1288 749 1321 800 Ι,
1351 762 1390 804 p.
1415 750 1483 792 46.

299 833 393 870 Hah
424 834 465 868 in
484 832 632 868 Tauria
650 831 906 868 meridionali
927 834 965 868 et
979 831 1159 867 Caucaso
1177 830 1479 878 septentrtonali
1496 830 1566 876 (M.
1585 830 1658 876 Β.),
1676 830 1847 876 Georgia
1860 829 1962 867 Cau-

247 879 714 972 ffisfflifflglsslgiggffi?
745 879 928 916 orientali
949 879 999 915 ad
1018 878 1220 915 Gnabbise
1249 879 1401 925 (Egel),
1425 877 1639 924 Affghania
1666 877 1836 924 (Οτι-ΗΠ),
1861 879 1962 924 typo

304 1003 368 1038 Ar.
386 1002 520 1046 Geogr.
544 999 701 1046 Anglia‚
713 999 855 1045 Gallia,
870 1000 1070 1042 Helvetia,
1088 999 1315 1046 Germania,
1335 998 1461 1045 Italia,
1476 998 1689 1045 Dalmatia,
1701 997 1809 1044 regio
1826 998 1962 1034 Danu-

252 1049 384 1095 bialis,
404 1047 557 1092 Serbia,
577 1046 853 1083 Turkestania.

312 1171 352 1212 6.
376 1167 476 1212 Ph.
503 1166 753 1224 gibbum
781 1168 943 1222 (Boiss.
978 1168 1132 1223 Diagn.
1156 1167 1249 1210 Ser.
1277 1167 1309 1219 Ι,
1334 1169 1375 1218 5,
1402 1180 1445 1222 p.
1474 1166 1549 1223 69)
1574 1178 1782 1220 annuum,
1807 1167 1961 1209 culmis

252 1228 461 1273 solitariis
488 1227 558 1269 vel
585 1226 1041 1279 paucisabbreviatis,
1080 1227 1193 1270 foliis
1232 1226 1542 1279 angustissime
1576 1225 1817 1268 iinearibus
1848 1237 1962 1268 mar-

250 1289 352 1343 gine
382 1285 613 1338 scabridiS,
643 1287 843 1339 panicula
870 1286 1106 1340 spicitormi
1131 1285 1325 1329 tenuiter
1348 1285 1586 1339 cylindrica
1610 1285 1756 1332 densa,
1781 1284 1961 1339 spiculis

250 1346 443 1389 minimis
469 1344 709 1387 lateraliter
741 1347 1007 1399 compressis
1032 1344 1438 1388 cuneato-obovatis
1473 1344 1574 1386 sinu
1606 1343 1825 1386 terminali
1848 1344 1962 1386 inter

249 1407 420 1460 glumas
447 1404 733 1447 conniventes
762 1405 983 1451 subnullo,
1022 1405 1182 1458 glumis
1221 1403 1550 1446 navicularibus
1592 1402 1960 1445 semiorbiculatis

250 1465 345 1507 basi
376 1463 618 1518 angustatis
653 1474 846 1518 superne
871 1463 1060 1506 dilatatis
1105 1467 1147 1506 et
1181 1463 1310 1506 dorso
1345 1461 1742 1515 rotundato-gibbis
1768 1461 1961 1515 margine

252 1525 327 1566 vix
352 1521 696 1566 membranaceis
728 1523 848 1576 apice
882 1522 1078 1566 breviter
1105 1523 1149 1565 in
1185 1532 1439 1564 mucronem
1476 1521 1708 1564 contractis
1736 1520 1961 1564 trinerviis

252 1582 403 1626 nervis
441 1581 696 1624 lateralibus
740 1581 829 1623 fere
866 1581 1073 1624 obsoletis
1111 1580 1291 1625 carinali
1336 1579 1492 1631 valido,
1530 1580 1735 1634 glumella
1768 1579 1962 1622 coriacea

251 1645 382 1685 extus
419 1641 583 1683 hirtula
621 1640 803 1694 oblonga
828 1640 1060 1684 convoluta
1088 1641 1130 1682 in
1157 1651 1410 1683 mucronem
1437 1639 1597 1692 glumis
1636 1639 1959 1693 sublongiorem

253 1702 494 1751 attenuata,
524 1700 647 1754 palea
679 1699 881 1743 breviore
905 1699 1143 1742 bicarinata
1174 1703 1240 1750 Θ.

303 1785 406 1821 Hab.
427 1785 469 1820 in
495 1784 664 1821 collibus
692 1785 866 1830 regionis
896 1786 1096 1819 montanae
1128 1782 1328 1819 Anatoliae
1361 1780 1627 1826 occidentalis,
1658 1790 1749 1827 pars
1784 1780 1962 1827 superior

250 1833 397 1870 montis
419 1832 589 1877 Mesogis
610 1842 730 1878 supra
764 1832 919 1867 Tralles
943 1832 1127 1876 (Boissl)‚
1155 1829 1325 1866 Tmolus
1350 1827 1602 1865 occidentalis
1626 1838 1747 1875 supra
1775 1827 1960 1874 Bozdagh
1983 1847 1985 1849 -

251 1882 291 1917 et
308 1879 536 1926 Kaiagueul
558 1879 660 1916 Dere
679 1889 802 1925 supra
823 1878 990 1914 Ouchak
1013 1878 1117 1922 (Bal.
1137 1878 1179 1914 6!
1199 1879 1236 1913 et
1255 1876 1396 1921 13321).

299 1953 549 2000 Semipedale
566 1954 630 1989 vel
656 1954 777 1999 paulo
805 1953 958 1996 elatius,
986 1954 1095 1999 spica
1122 1951 1211 1988 8-20
1242 1951 1369 1987 lineas
1401 1950 1532 1995 longa,
1554 1948 1720 1995 spiculae
1753 1950 1793 1985 in
1819 1958 1961 1995 genere

252 2002 440 2037 minimae.
468 2001 595 2037 Affine
630 2000 700 2036 Ph.
741 2010 884 2048 aspero
913 2011 937 2036 a
967 2010 1045 2047 quo
1074 2001 1214 2046 praeter
1235 1997 1515 2045 glumellarum
1540 1999 1783 2032 structuram
1813 1996 1960 2042 glumae

251 2049 383 2085 valvis
419 2049 537 2084 dorso
565 2048 697 2094 gibbis
728 2051 765 2084 et
807 2049 985 2093 margine
1011 2046 1258 2083 rectiuseulis
1288 2055 1358 2080 nec
1377 2045 1419 2080 ut
1446 2044 1487 2079 in
1518 2054 1562 2080 eo
1583 2044 1699 2080 dorso
1716 2044 1961 2080 rectiusculis

251 2099 290 2133 et
316 2095 496 2141 margine
526 2096 826 2131 membranaceo
856 2095 1047 2141 subapice
1070 2093 1203 2140 gibbis
1223 2093 1367 2129 eximie
1388 2091 1527 2127 differt.

315 2215 358 2258 7.
387 2212 487 2256 Ph.
517 2211 864 2272 echinatum
904 2211 1033 2265 (Host
1059 2208 1206 2254 Gram.
1237 2211 1315 2262 ΙΙΙ,
1352 2222 1393 2264 p.
1431 2210 1469 2260 8,
1512 2210 1597 2252 tab.
1642 2207 1714 2263 11)
1750 2220 1959 2254 annuum,

253 2272 409 2317 culmis
448 2272 609 2326 saepius
644 2272 848 2325 pluribus
891 2271 1049 2313 erectis
1087 2271 1155 2313 vel
1196 2267 1818 2324 geniculato-ascendentibus,
1845 2267 1958 2314 foliis

251 2330 682 2375 lineari-lanceolatis
711 2330 906 2383 margine
929 2330 1097 2385 saepius
1119 2328 1320 2381 laevibus,
1346 2327 1548 2383 panicula
1570 2325 1807 2382 spiciformi
1833 2331 1959 2372 ovata

252 2392 323 2434 vel
359 2390 558 2444 oblonga,
580 2390 739 2443 glumis
771 2390 968 2443 oblongis
997 2391 1081 2432 late
1107 2386 1450 2431 membranaceis
1490 2385 1743 2439 marginatis
1785 2384 1959 2432 inferne

251 2449 500 2495 subinflatis
546 2448 667 2504 apice
707 2448 920 2491 truncatis
960 2448 1090 2491 dorso
1134 2447 1337 2490 elevatim
1368 2445 1554 2488 trinervi
1596 2447 1639 2488 et
1675 2443 1730 2486 ad
1768 2443 1958 2490 carinam

252 2514 382 2563 longe
408 2509 549 2551 ciliato
574 2509 619 2550 in
652 2508 830 2550 aristam
862 2508 1059 2550 scabram
1086 2507 1233 2560 gluma
1261 2504 1500 2558 longiorem
1534 2503 1835 2555 divergentem
1864 2519 1961 2561 pro-

253 2572 400 2618 ducto,
428 2566 648 2622 glumellis
686 2571 729 2610 et
762 2567 885 2621 palea
913 2566 1101 2620 hyalinis
1134 2565 1207 2607 illa
1241 2564 1386 2619 gluma
1424 2563 1556 2617 duplo
1591 2562 1795 2605 breviore
1834 2568 1960 2609 ovata

252 2629 453 2674 truncata
481 2626 722 2676 sublacera,
747 2626 868 2680 palea
895 2625 1148 2679 angustiore
1177 2628 1240 2675 Θ.
1269 2623 1396 2665 Trin.
1430 2621 1578 2665 Gram.
1611 2620 1692 2663 tab.
1718 2622 1758 2663 7.
1795 2643 1850 2652 —
1873 2623 1958 2667 Ph.

251 2684 446 2744 salinam
473 2684 611 2728 Sibth.
639 2688 683 2728 et
704 2685 794 2728 Sm.
821 2684 974 2727 Prodr.
1000 2683 1032 2736 1,
1055 2696 1095 2738 p.
1119 2683 1187 2725 32.

302 2767 406 2803 Hab.
426 2768 468 2804 in
495 2767 611 2803 cultis
640 2767 814 2812 Graeciae,
837 2766 1163 2813 Pelopponnesus
1194 2764 1245 2800 ad
1270 2764 1358 2801 Nau
1389 2764 1484 2799 liam
1511 2762 1692 2809 (Orphl)‚
1712 2762 1885 2798 Laconia
1911 2760 1960 2796 ad

253 2814 440 2861 Spartam
478 2815 593 2851 Boiss
605 2816 646 2860 Ξ),
666 2814 893 2861 Zacynthus
905 2814 1082 2860 (Margi),
1103 2813 1273 2858 Corcyra
1292 2812 1366 2856 (Ba
1385 2811 1446 2857 ll),
1462 2809 1707 2857 Cephalonia
1722 2820 1746 2845 a
1759 2808 1890 2845 littore
1912 2807 1960 2843 ad

255 2864 430 2898 montem
503 2872 574 2898 nos
593 2862 698 2899 5500’
715 2861 905 2907 (Heldrl)‚
923 2860 1105 2907 Byzantii
1125 2860 1275 2905 (Noel).

304 2936 368 2972 Ar.
386 2937 521 2982 Geoqr.
541 2935 686 2980 Sicilia,
705 2935 821 2972 Italia
840 2933 1036 2981 australis,
1057 2932 1272 2971 Dalmatia.
