2089 3246
105 206 375 245 Gastrz'dz‘um.
846 220 1073 247 GRAMINEAE
1735 218 1807 256 519

170 294 200 334 l.
228 291 288 334 G.
311 288 688 347 lendiqerum
718 291 784 347 (L.
818 291 890 348 Sp.
920 295 971 336 91
1008 294 1090 336 sub
1121 293 1371 349 Aarostide)
1413 307 1607 340 annuum
1642 302 1804 353 sznpius

103 351 363 399 inulticaule‚
388 351 544 393 culmis
571 352 727 394 erectis
766 352 832 394 vel
869 353 1206 396 ascendentibus
1247 365 1362 406 saepe
1400 353 1490 397 basi
1530 358 1802 415 geniculatis,

101 410 216 452 soliis
241 409 478 451 linearibus
503 410 657 463 planis,
679 411 814 465 ligula
843 410 1092 463 lanceolata,
1113 411 1314 467 panicula
1337 413 1573 465 spicisormi
1597 418 1802 471 utrinque

102 471 326 511 attenuata
378 481 454 522 per
487 469 686 511 antliesin
720 470 981 524 subpetente
1021 471 1196 513 demum
1238 474 1471 528 contracta,
1502 475 1660 525 gluuiis
1711 476 1801 521 basi

101 528 360 570 ventricosis
393 528 638 571 lanceolatis
670 529 1173 573 acuminato-attenuatis
1205 530 1352 571 carin-[i
1389 531 1554 574 scabris
1596 539 1800 579 czuterum

101 586 247 628 nitidis
286 587 490 629 interiore
534 586 750 640 breviore,
783 588 990 640 glumella
1031 589 1202 631 hirsuta
1244 589 1363 642 apice
1406 593 1801 638 truncato-dentata

98 646 258 698 saepius
286 645 369 687 sub
401 646 523 698 apice
549 647 683 689 arista
708 647 867 700 glumis
896 648 1089 701 longiore
1113 647 1253 690 obsita
1285 648 1429 690 rarius
1461 652 1619 693 inutica
1659 657 1724 702 Θ.
1750 653 1799 696 G.

97 702 370 755 ίεηάιῃενιιηι
408 704 545 747 Gaud.
575 705 699 748 Helv.
726 706 759 760 I,
799 719 841 760 p.
873 708 967 748 176.
995 732 1051 738 —
1085 706 1148 749 Fl.
1186 706 1324 750 Graec.
1362 707 1447 748 tab.
1488 711 1556 751 (55.
1597 735 1645 740 —-
1691 713 1800 755 llost

96 759 244 805 Gram.
275 763 358 805 tab.
385 764 451 805 24.
477 787 532 794 —
553 762 601 806 G.
628 766 825 807 azcstrale
852 765 897 807 P.
929 765 983 808 de
1008 765 1056 807 B.

142 844 244 881 Hab.
274 846 314 881 in
341 846 518 891 collibus,
550 848 720 893 pascuis,
757 847 805 883 ad
831 848 929 892 vias,
967 848 1122 884 Graecia
1155 848 1332 894 (Sprunl
1360 849 1530 893 Heldrl]⁷
1569 852 1800 889 Macedonia

91 889 258 938 (Friv!),
303 893 483 939 Byzantii
517 894 684 940 (Posti),
714 896 901 931 Anatolia
937 896 1191 931 occidentalis
1231 897 1430 931 maritima
1467 899 1642 944 (snitu),
1680 900 1796 936 Creta

91 937 262 985 (RaulU,
280 941 446 977 Rhodus
467 940 618 987 (Bourg
637 942 673 986 l),
695 942 834 978 Cilicia
852 942 1038 978 littoralis
1060 942 1110 978 ad
1133 942 1323 978 Sidonem
1344 944 1404 988 (131
1420 947 1455 988 l).

139 1014 204 1049 Ar.
224 1014 528 1059 Geoqr.Europa
548 1014 732 1049 centralis
753 1017 790 1050 et
810 1015 996 1050 australis
1017 1014 1068 1050 ab
1086 1015 1385 1060 Anglia‚Gallia
1405 1017 1585 1058 centrali,
1608 1018 1795 1054 Helvetia

92 1060 430 1144 fflssffalmatiam'
462 1061 596 1097 Africa
623 1061 808 1106 borealis,
834 1063 1065 1109 Abyssinia,
1093 1063 1236 1098 insulse
1267 1063 1538 1110 Canai-ienscs,
1570 1065 1796 1111 Galilornia,

150 1239 188 1284 2.
226 1237 286 1282 G.
322 1238 605 1282 scabrum
643 1238 788 1293 (Presl
817 1237 921 1295 Cyp.
954 1238 1035 1284 Sic.
1062 1251 1101 1292 p.
1127 1238 1201 1294 21)
1230 1252 1423 1283 annuum
1449 1242 1610 1294 saepius
1658 1242 1794 1295 pluri-

89 1297 225 1348 caule‚
262 1298 416 1340 culmis
469 1298 626 1340 erectis
676 1298 744 1341 vel
779 1299 1116 1342 ascendentibus
1157 1300 1327 1341 inferne
1371 1311 1484 1352 saepe
1523 1301 1794 1353 geniculatis,

91 1357 204 1398 soliis
241 1356 481 1399 linearibus
518 1356 671 1411 planis,
717 1357 846 1410 ligula
884 1359 1095 1411 elongata,
1134 1359 1334 1411 panicula
1381 1359 1615 1412 spicil'orrni
1658 1359 1794 1403 densa

89 1416 218 1458 etiam
243 1427 321 1469 per
343 1415 543 1458 antbesin
569 1419 802 1466 contracta,
822 1417 981 1470 glumis
1006 1416 1099 1459 basi
1127 1418 1387 1460 ventricosis
1414 1418 1605 1471 undique
1630 1418 1795 1462 scabris

88 1473 395 1518 falciformibus
419 1475 557 1517 acutis
584 1475 789 1518 inferiore
817 1476 1124 1526 subbreviore,
1151 1477 1352 1529 gluniclla
1387 1476 1682 1529 glabriuscula
1708 1477 1791 1521 levi

88 1534 208 1587 apice
231 1534 631 1577 truncato-dentata
654 1535 896 1588 saepissime
921 1547 1008 1578 non
1032 1535 1212 1578 aristata
1242 1534 1373 1585 OG.
1398 1536 1608 1577 mutarum
1625 1537 1791 1579 Gunth.

87 1593 130 1634 in
155 1591 337 1647 Spreng.
358 1592 473 1646 Syst.
498 1594 528 1641 I,
551 1606 592 1647 p.
622 1595 719 1639 0250,
746 1619 804 1624 —-
832 1592 952 1640 Coss.
975 1597 1018 1636 et
1041 1594 1148 1640 Dur.
1170 1595 1269 1648 Alg.
1303 1595 1384 1641 tab,
1412 1596 1485 1647 40,
1516 1596 1582 1647 lig.
1611 1597 1649 1641 3.

134 1675 234 1711 Hal).
257 1677 297 1711 in
319 1676 448 1721 cultis,
463 1676 764 1722 Peloponnesus
784 1677 834 1712 ad
858 1677 1062 1713 Calamata
1083 1680 1121 1712 et
1140 1678 1229 1713 Nisi
1244 1678 1371 1721 (berb.
1390 1678 1792 1724 Faucliet)‚Smy1·nae

86 1722 228 1768 (Ball),
248 1723 364 1769 Syria
390 1723 576 1759 littoralis
597 1724 647 1760 ad
670 1725 891 1770 Berythum
913 1725 979 1770 (Bl
995 1727 1035 1770 l),
1061 1725 1236 1761 Libanus
1256 1726 1306 1761 ad
1326 1725 1455 1761 Abeih
1474 1726 1585 1770 (Post
1601 1727 1637 1769 l).

131 1799 290 1835 Glumis
309 1798 456 1834 scabris
478 1798 769 1835 falcit'ormibus
789 1799 916 1834 acutis
935 1809 1008 1834 nec
1026 1799 1256 1834 lanceolatis
1272 1802 1413 1846 prmter
1427 1800 1600 1835 carinam
1619 1799 1792 1838 ltm‘ibus

90 1845 207 1892 longe
230 1847 480 1891 acuminatis,
498 1845 689 1892 glumella
708 1845 847 1892 glabra
865 1857 887 1882 a
909 1846 1153 1892 praecedente
1168 1847 1414 1882 distinctum.

131 1918 194 1953 Ar.
215 1918 347 1963 Geoqr.
371 1917 501 1954 Gallia
522 1920 560 1954 et
577 1917 774 1964 Hispania
796 1918 1003 1964 australes,
1031 1917 1226 1963 Sardinia,
1259 1917 1409 1963 Sicilia,
1439 1918 1553 1954 Italia
1589 1918 1786 1964 australis,

83 1963 218 2001 Africa
236 1965 419 2001 borealis.
1433 1979 1450 2000 κ

142 2083 182 2124 3.
220 2081 281 2125 G,
313 2081 516 2125 nitens
544 2081 694 2137 (Guss.
733 2081 886 2127 Prodr.
913 2081 994 2128 Sic.
1020 2082 1054 2129 Ι,
1084 2083 1139 2124 50
1170 2082 1253 2125 sub
1295 2082 1547 2134 Apo-ostide)
1593 2095 1788 2126 annuum

83 2142 245 2196 saepius
290 2141 545 2196 pluricaule.
581 2141 780 2184 caulibus
809 2142 967 2185 erectis
1006 2141 1072 2183 vel
1107 2141 1445 2184 ascendentibus
1478 2142 1643 2183 inferne
1672 2153 1788 2195 saepe

81 2200 352 2255 geniculatis,
384 2200 498 2242 foliis
540 2199 779 2243 linearibus
818 2201 970 2254 planis,
998 2200 1128 2254 ligula
1169 2202 1377 2253 elongata,
1418 2201 1618 2254 panicuia
1658 2201 1786 2253 spici·

83 2259 205 2301 sormi
229 2262 452 2303 contracta
474 2259 625 2307 densa,
643 2260 802 2313 glumis
831 2260 922 2302 basi
948 2260 1295 2303 subventri00sis
1315 2272 1468 2314 parurn
1499 2259 1788 2313 inaequalibus

83 2318 331 2362 lanceolatis
373 2320 495 2372 longe
527 2319 766 2362 attenuatls
802 2321 940 2362 acutis
978 2320 1124 2362 carina
1151 2319 1330 2364 scabris,
1355 2320 1558 2372 gluniellsi
1587 2319 1787 2361 villosula

81 2377 236 2420 obtusa
262 2379 385 2432 apice
408 2379 534 2431 longe
561 2377 701 2421 biseta
727 2377 820 2420 basi
847 2379 982 2420 arista
1015 2378 1260 2432 geniculata
1297 2378 1467 2430 glumas
1501 2379 1787 2430 subzrqiiante

81 2438 205 2478 aucta
253 2442 319 2488 O.
348 2436 396 2480 G.
433 2436 579 2479 nitens
625 2435 744 2481 Coss
773 2442 816 2478 et
840 2437 949 2480 Dur.
987 2438 1082 2490 Alg.
1116 2449 1155 2491 p.
1198 2438 1268 2479 68.
1303 2462 1360 2466 —-
1397 2437 1445 2478 G.
1486 2437 1787 2479 triaristcttztm

80 2493 189 2537 Dur.
215 2496 338 2550 Expl.
363 2496 459 2549 Alg.
485 2496 570 2539 tab.
605 2496 675 2547 40,
696 2498 767 2550 [ig.
797 2497 828 2539 Ι.
856 2520 914 2528 -
948 2496 1294 2548 Laclmayroste's
1324 2496 1469 2537 nitens
1492 2496 1611 2537 Trin.
1639 2494 1785 2537 Gram.

80 2552 134 2596 Ic.
161 2555 244 2597 tab.
269 2556 368 2598 ⁹243.
397 2579 451 2585 —
479 2554 740 2607 Triplaclme
762 2555 907 2597 nitens
934 2556 1057 2598 Link.
1086 2578 1139 2586 —
1167 2555 1357 2597 Militum
1386 2555 1659 2607 lende'ycrwn
1686 2554 1784 2597 Del.

78 2610 152 2666 Eg.
178 2626 231 2656 ex
259 2614 390 2657 Ascli.
415 2626 500 2657 non
524 2613 571 2656 L.

126 2686 226 2723 Hah.
255 2689 292 2723 in
323 2689 499 2723 arenosis
532 2688 753 2733 maritimiS,
788 2688 926 2724 Cilicia
945 2688 1124 2724 Tracbea
1150 2689 1202 2724 ad
1222 2689 1385 2724 Genova
1411 2689 1606 2733 (Peronl),
1628 2688 1786 2734 Cyprus

77 2733 207 2818 ἓιτίἰξῶ.
226 2735 461 2827 ῗιέῒηὶἰὲδῧ
475 2735 592 2780 (Sint.
612 2739 650 2772 et
669 2736 770 2782 Rigo
787 2737 826 2781 l),
845 2737 1026 2782 Egyptus
1048 2737 1098 2772 ad
1112 2736 1222 2773 Maxi
1237 2738 1275 2772 et
1289 2736 1455 2772 Rainleli
1478 2746 1597 2782 propt¹
1614 2735 1786 2770 Alexan-

125 2847 189 2883 ΑΓ.
217 2849 351 2894 Geoqr.
379 2848 499 2884 Sicila
519 2850 556 2884 et
575 2848 658 2895 ejus
677 2847 830 2894 insulae,
849 2848 980 2884 Africa
999 2848 1181 2885 borealis
