2089 3246
115 202 262 240 Careoe.
839 212 1088 239 cvrssnacaae:
1748 209 1823 247 403

175 287 237 328 17.
262 284 315 329 C.
342 282 638 328 muricata
666 283 734 340 (L.
767 283 841 339 Sp.
876 284 1006 341 1382)
1040 286 1268 339 cespitosa.
1309 288 1451 330 radice
1491 288 1669 340 fibrosa,
1705 291 1817 336 soliis

111 344 326 387 viridibus
350 343 489 397 planis
512 345 1028 392 attenuato-acuminatis.
1065 346 1222 387 culmis
1251 341 1347 388 solim
1382 347 1698 401 superantibus
1740 352 1818 392 tri-

107 403 277 458 quetris
322 402 489 445 scabris
530 402 765 454 gracilibus
809 402 958 446 sirmis.
1004 404 1123 459 spica
1160 405 1399 460 composita
1444 406 1627 460 oblonga
1676 408 1812 452 densa

109 462 173 504 vel
213 461 303 504 basi
339 462 602 514 interrupta,
626 461 807 514 spiculis
829 462 903 504 6-8
928 463 1120 516 globosis
1145 464 1421 518 simplicibus
1445 465 1566 519 apice
1591 469 1817 521 masculiS,

107 521 278 564 bractea
307 519 486 574 spiculis
513 520 725 573 breviore,
749 521 908 574 glumis
935 523 1074 565 aculis
1107 523 1173 565 vel
1209 523 1470 566 acuminatis
1507 525 1638 567 dorso
1663 527 1814 569 viridi-

108 581 187 623 bus
210 580 293 622 late
321 579 887 622 membranaceo-castaneis
907 581 1046 624 fructu
1071 581 1362 632 brevioribus,
1381 583 1660 637 stigmatibus
1685 585 1815 633 binis,

105 638 303 682 utriculis
329 637 543 680 viridibus
566 650 804 692 squarrose
829 639 1077 683 divaricatis
1103 640 1462 693 plano-convexis
1489 642 1684 686 obsoleto
1715 656 1815 687 ner-

104 698 221 741 vosis
250 698 292 739 in
335 701 525 740 rostrum
556 697 709 740 crebre
749 699 1192 742 serrulam-scabrum
1230 701 1485 745 acuminatis
1522 701 1811 757 bicuspidatis

111 762 169 804 26.
200 756 334 800 Rchb.
362 754 512 798 Germ.
542 756 628 798 tab.
654 757 753 798 215.

148 838 252 874 Hab.
272 839 311 874 in
330 839 454 885 pratis
476 838 731 885 etsylvaticis
747 839 870 874 totius
885 840 961 875 fere
979 841 1144 876 ditionis
1163 841 1201 876 in
1218 841 1378 886 regione
1399 842 1589 888 inferiori,
1618 847 1808 881 montana

101 889 138 922 et
158 885 380 933 subalpina,
401 886 555 921 Graecia
573 886 724 931 (Margi
743 886 922 932 Heldrl),
939 887 1172 924 Macedonia
1190 890 1229 923 et
1247 886 1418 924 Thracia
1445 890 1582 934 (Frivl
1613 892 1754 928 Griseb
1771 895 1810 939 l),

99 933 297 976 Anatolia,
320 933 458 970 Cilicia
477 933 617 978 (Ball),
649 933 766 978 Syria
787 933 837 969 ad
861 934 1104 971 Damascum
1125 935 1254 979 (Gaill
1269 937 1308 981 !)‚
1331 936 1618 983 Mesopotamia
1647 940 1696 975 ad
1720 940 1812 976 Orsa

99 980 280 1023 (Haussk
294 983 334 1027 l),
353 980 534 1016 Libanus
552 981 591 1015 in
613 983 745 1015 monte
766 981 890 1017 Sanin
904 982 1008 1018 0000·
1027 983 1254 1026 (Schweinf
1267 985 1305 1027 l),
1321 983 1472 1019 Pontus
1487 985 1653 1022 Lazicus
1668 987 1811 1034 (Ball),

99 1030 298 1064 Caucasus
318 1030 355 1064 et
371 1027 680 1063 Transcaucasia
701 1027 890 1073 (Ledeb.)

145 1094 353 1139 araneax.
372 1093 533 1139 Europa
552 1093 691 1138 omnis,
705 1093 745 1128 in
767 1093 1072 1129 australioribus
1087 1097 1240 1130 tantum
1261 1099 1461 1143 montana,
1477 1097 1623 1134 Sibiria
1638 1099 1792 1136 Altaica

99 1140 273 1187 Madera,
295 1140 425 1176 Africa
446 1139 628 1185 borealis,
645 1140 825 1176 America
844 1141 1029 1177 borealis.

158 1259 226 1301 18.
255 1257 308 1301 C.
336 1256 577 1300 divulsa
595 1256 811 1311 (Goodeu.
840 1258 994 1301 Trans.
1024 1258 1148 1301 Linn.
1173 1258 1266 1303 Soc.
1291 1260 1345 1311 ΙΙ,
1371 1275 1412 1316 p.
1447 1262 1546 1315 160)
1569 1265 1802 1317 cespitosa,

92 1317 234 1359 radice
264 1318 441 1366 fibrosa‚
462 1317 577 1358 soliis
603 1316 820 1360 viridibus
846 1318 985 1371 planis
1011 1319 1131 1372 apice
1153 1322 1674 1375 attenuato-acuminatis,
1707 1325 1800 1367 cul-

92 1377 173 1419 mis
203 1376 438 1429 gracilibus
476 1387 669 1428 superne
708 1377 898 1429 cernuis,
928 1378 1048 1431 spica
1088 1379 1326 1431 composita
1369 1380 1582 1433 elongata,
1616 1383 1797 1436 spiculis

89 1435 276 1488 globosis
319 1436 438 1489 apice
479 1436 681 1477 masculis
721 1434 1004 1479 inferioribus
1051 1438 1230 1480 remotis
1275 1438 1497 1482 interdum
1545 1443 1799 1494 compositis

89 1495 393 1548 superioribus
431 1494 761 1547 approximatis,
794 1496 952 1548 glumis
991 1501 1151 1550 praeter
1186 1509 1370 1540 nervum
1415 1499 1601 1542 viridem
1639 1500 1797 1544 albidis

90 1554 353 1597 mucronatis
394 1554 534 1596 fructu
575 1553 868 1606 brevioribus,
912 1555 1188 1606 stigmatibus
1231 1556 1356 1610 binis,
1397 1559 1598 1601 utriculis
1642 1560 1796 1603 albidis

87 1612 414 1667 erecto-patulis
444 1614 801 1668 plano-convexis
831 1614 1024 1657 obsoleta
1050 1616 1249 1658 nervosis
1291 1617 1333 1658 in
1367 1621 1562 1660 rostrum
1599 1620 1796 1673 margine

87 1672 432 1715 scabriusculum
461 1672 719 1715 acuminatis
753 1674 815 1719 Qt.
843 1672 977 1715 Rcbb.
1007 1673 1153 1717 Germ.
1181 1675 1266 1728 tab,
1294 1676 1389 1718 2⁶20.
1431 1701 1469 1706 -
1506 1677 1547 1719 C.
1576 1678 1797 1720 muricula

87 1743 176 1773 var.
201 1731 376 1773 divulsa
400 1730 536 1774 Boott.

134 1812 234 1848 Hah.
265 1814 307 1849 in
340 1813 543 1859 sylvatieis
571 1813 747 1849 humidis
780 1815 900 1849 totius
939 1814 1016 1850 fere
1052 1814 1223 1861 (litionis,
1258 1816 1411 1853 Graecia
1446 1818 1483 1853 in
1519 1818 1794 1865 Peloponneso

87 1860 266 1906 (OrphU,
286 1861 401 1896 Creta
422 1861 589 1907 (Siebl),
616 1861 784 1897 Thracia
812 1861 925 1905 (Friv
939 1863 976 1907 1),
1005 1863 1192 1898 Anatolia
1227 1863 1425 1909 (chihll.
1459 1866 1575 1911 Syria
1611 1867 1793 1903 littoralis

83 1907 174 1943 (Bll
199 1908 304 1943 Gaill
322 1910 362 1953 l),
380 1909 567 1943 Armenia
584 1908 749 1944 Turcica
770 1908 943 1954 [Huet!)‚
963 1909 1109 1945 Tauria
1137 1914 1175 1946 et
1204 1921 1314 1957 prov.
1345 1912 1566 1948 Caucasieze
1602 1915 1793 1961 (Ledeia),

85 1954 215 1992 PersIa
235 1955 404 1991 borealis
421 1955 541 2001 (Bgel
568 1955 642 2001 Ky.
659 1957 704 1991 76
724 1957 762 2001 l).

128 2020 267 2055 Affinis
287 2020 524 2067 praecedenti
551 2021 662 2066 cujus
681 2031 727 2057 ex
749 2021 966 2056 multorum
986 2023 1180 2057 sententia
1210 2024 1382 2059 varietas
1407 2025 1664 2070 distinguitur
1694 2038 1791 2073 pra:-

84 2069 142 2102 ter
157 2067 330 2114 spieulas
347 2069 578 2104 remotiores
592 2069 767 2109 utriculis
784 2069 1008 2104 minoribus
1022 2080 1099 2105 non
1116 2071 1344 2106 divaricatis
1361 2075 1395 2107 et
1417 2074 1526 2118 apice
1542 2074 1608 2108 vix
1629 2075 1790 2110 scabris.

127 2133 189 2168 Ar.
212 2133 345 2179 Geogr.
370 2133 526 2179 Europa
544 2134 674 2170 media
696 2137 732 2170 et
751 2134 938 2169 australis
962 2134 1013 2170 ab
1032 2135 1177 2180 Anglia
1199 2139 1235 2171 et
1257 2137 1401 2173 Gothia
1422 2138 1471 2172 ad
1500 2138 1683 2175 Bossian]
1708 2150 1788 2175 me-

81 2179 197 2225 diam,
215 2181 374 2226 Sibiria,
398 2181 530 2217 Africa
552 2181 737 2227 borealis,
761 2182 933 2225 Madera,
954 2183 1097 2218 insulae
1118 2184 1390 2220 Canarienses.

148 2297 264 2346 lac
302 2297 797 2354 paradoxasWilld.
828 2300 922 2342 Act.
950 2299 1081 2342 Acad.
1111 2300 1252 2345 Berol.
1280 2303 1403 2354 1794,
1426 2317 1516 2357 pag.
1542 2305 1610 2351 30,
1637 2306 1716 2348 [ab.
1748 2306 1786 2350 l‘l

80 2360 310 2412 cespitosa.
338 2359 480 2401 radico
515 2359 689 2402 libi-osa.
730 2359 841 2401 soliis
884 2359 1022 2412 planis
1057 2364 1242 2414 anguste
1275 2362 1512 2405 linearibus
1544 2369 1786 2407 attenuato·

78 2417 334 2461 acuminatis
358 2419 521 2461 culmos
540 2418 674 2460 elatos
699 2418 873 2461 strictos
898 2430 1090 2461 convexa
1125 2420 1363 2473 triquetros
1391 2421 1479 2464 basi
1507 2423 1628 2466 libris
1651 2426 1784 2466 vesli-

78 2480 144 2518 tos
178 2478 470 2531 aequmstibus,
501 2477 682 2530 spiculis
719 2478 921 2531 pluribus
956 2478 1078 2531 apice
1105 2480 1308 2522 masculis
1341 2482 1582 2533 paniculam
1613 2483 1784 2535 elonga-

81 2541 161 2578 tam
189 2537 467 2580 lanceolalam
487 2538 680 2580 striclam
703 2537 1004 2587 lormaiilibus,
1023 2538 1210 2580 bracteis
1236 2539 1633 2593 brevibus,glumis
1651 2543 1782 2584 fuscis

77 2595 332 2638 acuminatis
358 2597 498 2638 fructu
530 2596 885 2649 subaequilongis,
917 2597 1190 2650 stigmatibus
1231 2598 1357 2651 binis,
1397 2601 1597 2642 utriculis
1637 2604 1784 2654 parvis

76 2654 431 2706 gibbo-convexis
457 2655 548 2697 basi
575 2655 785 2698 truncatis
822 2656 1028 2710 utrinque
1067 2658 1259 2699 nervatis
1286 2659 1325 2699 in
1354 2663 1546 2702 rostrum
1586 2662 1781 2704 conicum

77 2713 209 2755 breve
250 2713 520 2756 bidentalum
572 2716 766 2768 margine
813 2715 1015 2757 scabrum
1069 2715 1397 2769 abruptiuscule
1443 2720 1677 2762 atlenualis
1721 2723 1779 2766 91.

76 2770 211 2816 Rcbb.
237 2771 384 2816 Germ.
413 2773 499 2816 tab.
529 2774 625 2816 1⁰22.

122 2854 224 2892 Hal).
242 2857 282 2891 in
303 2858 424 2903 pratis
446 2856 663 2903 paludosis,
682 2857 997 2893 Transcaucasia
1015 2858 1184 2902 (Eicbw.
1212 2869 1258 2895 ex
1279 2860 1469 2905 Ledeb.).
1494 2862 1581 2898 Nou
1602 2862 1698 2897 vidi.

121 2928 184 2964 Ar.
209 2929 342 2975 Geogr.
365 2929 521 2976 Europa
542 2929 714 2966 borealis
734 2935 772 2964 et
786 2929 916 2965 media
935 2930 981 2965 ad
1002 2931 1175 2967 Galliam
1196 2933 1546 2970 mediani.1talia111
1566 2934 1781 2979 borealem,

83 2976 282 3021 regionem
305 2977 572 3013 Danubialem
592 2987 729 3024 usque,
748 2977 895 3013 Sibiria
915 2979 1077 3014 All-nica.
