2089 3246
84 165 246 204 Litium.
834 173 1037 202 nmmum
1728 168 1807 205 175·

129 250 287 298 Species
298 259 345 285 ex
358 248 453 284 vivo
472 247 650 294 nondum
668 251 729 284 sat
742 252 837 285 nota
845 249 892 285 L.
913 248 1136 295 Pyrenaico
1150 251 1187 284 et
1203 247 1251 284 L.
1264 249 1531 296 monadelplzo
1546 251 1796 290 intermedia..

82 299 194 336 Prior
223 297 356 332 differt
392 295 495 331 follis
538 296 732 342 elongatis
764 295 893 332 multo
928 295 1229 343 angustioribus
1266 297 1314 337 tri
1346 296 1410 331 vel
1484 298 1798 347 uinquenerviis,

82 344 280 393 perigonii
294 342 444 390 phyllis
462 343 758 388 angustioribus
783 343 849 379 lon
881 344 1033 379 ioribus
1060 343 1158 379 facie
1183 343 1338 389 copiose
1368 308 1576 390 papi‘ilosis
1609 350 1648 382 et
1682 348 1718 382 ni
1750 359 1796 383 ro

84 391 289 440 punctatis.
308 389 354 425 L.
369 389 682 437 monadelplzum
703 390 834 426 differt
854 395 864 426 t
881 391 1017 427 oribus
1036 391 1158 437 duplo
1178 390 1406 437 majoribuS‚
1427 393 1623 438 perigonii
1641 394 1723 441 phy
1743 395 1795 431 lis

83 438 332 486 glaberrimis
353 437 402 473 ad
421 437 483 473 vel
503 447 622 483 supra
638 438 814 474 medium
834 437 1000 474 falcatis.

142 550 180 592 6.
213 548 278 591 L.
312 545 678 599 Ledebourii‚
707 546 916 596 bulbo....‚
941 547 1063 590 caule
1100 547 1255 590 crebre
1282 548 1448 600 muoso,
1481 548 1595 592 foliis
1633 563 1794 603 augus-

85 608 250 651 tissime
289 606 529 648 linearibus
567 606 725 650 erectis
754 610 916 662 praeter
950 606 1188 660 marginem
1221 607 1559 650 subrevolutum
1611 610 1790 665 papilio-

83 679 178 711 sum
202 666 365 720 glabris
393 677 572 707 sursum
597 665 824 708 diminutis
855 666 1098 717 trinerviis‚
1123 667 1272 709 nervis
1295 667 1568 710 secundariis
1595 672 1639 711 et
1666 670 1793 712 venis

84 730 248 770 remote
284 724 729 778 anastomosantibus‚
753 724 937 769 floribus
968 726 1040 767 1-2
1069 725 1375 768 terminalibus
1412 726 1636 780 pedicellis
1669 729 1794 783 apice

82 786 256 828 cernuis
294 785 357 827 eis
402 782 670 836 longioribus
708 784 921 837 suffultis,
953 784 1165 839 perigonii
1200 785 1300 827 flavi
1341 785 1501 840 phyllis
1537 787 1794 831 lanceolatis

81 844 172 887 basi
203 844 326 897 longe
352 843 588 886 attenuatis
611 846 655 885 et
683 843 1050 897 nigro-punctalis
1072 855 1156 886 non
1188 843 1411 898 papillosis
1438 857 1459 886 a
1491 845 1634 889 medio
1664 845 1790 889 valde

81 902 469 948 falcato-recurvis,
495 902 691 945 antheris
719 902 846 945 ssavis
889 912 945 954 ᾌι.
973 903 1019 945 L.
1045 902 1384 954 monadelphum
1409 916 1501 947 var.
1526 904 1789 948 Ledebonria·

82 961 222 1005 Baker
260 961 382 1004 Linn.
410 961 563 1004 Journ.
592 960 707 1015 XIV,
731 963 830 1004 246.
868 986 921 992 —
959 962 1007 1005 L.
1036 961 1336 1015 Pyrenaicnm
1363 960 1409 1004 C.
1440 963 1493 1005 A.
1520 964 1629 1019 Mey.
1661 965 1786 1007 Verz.

82 1034 119 1075 p.
149 1021 204 1064 36
232 1025 275 1066 et
298 1020 460 1064 Ledeb.
484 1020 545 1062 Fl.
571 1020 696 1065 Ross.
723 1033 807 1064 non
833 1020 1000 1065 Gouan.

126 1096 228 1133 Hah.
247 1098 287 1133 in
307 1096 538 1133 nemoribus
558 1095 719 1132 ditionis
744 1096 1088 1133 Transcaucasicae
1108 1096 1284 1142 Talysch
1318 1106 1439 1143 prope
1470 1107 1619 1144 pagum
1655 1098 1793 1145 Drych

79 1143 182 1181 4500’
197 1144 258 1189 (C.
281 1146 328 1180 A.
351 1145 494 1190 Meyl).
516 1143 602 1179 Vid.
621 1153 725 1190 spec.
753 1144 791 1179 in
813 1144 922 1180 herb.
943 1144 1185 1190 Meyeriano.

126 1208 240 1244 Folia
259 1208 494 1245 intermedia
512 1206 774 1254 tripollicaria
791 1208 809 1243 1
832 1207 920 1252 ’βα-2
945 1209 1069 1244 lineas
1091 1209 1244 1243 tantum
1263 1207 1355 1254 lata,
1377 1208 1493 1245 nores
1514 1209 1572 1244 eis
1592 1207 1628 1245 L
1655 1219 1794 1245 mona-

79 1255 213 1303 delphz'
226 1256 394 1291 dimidio
414 1255 598 1291 minores.
619 1254 666 1290 L.
692 1254 913 1303 Pyrenaico
932 1257 970 1292 et
987 1254 1034 1291 L.
1053 1254 1219 1291 Pontico
1239 1256 1364 1301 magis
1384 1266 1502 1302 quam
1526 1254 1570 1292 L.
1591 1256 1795 1293 monadel-

77 1302 154 1350 pho
172 1303 288 1339 affine
306 1303 357 1339 ab
377 1302 560 1339 omnibus
579 1301 683 1339 toliis
698 1302 996 1349 angustissimis
1018 1303 1248 1339 distinctum
1273 1302 1436 1339 ulterius
1454 1304 1792 1351 investigandum.

142 1415 163 1456 7
212 1413 270 1457 L.
298 1412 700 1458 Carniolicum
740 1412 917 1467 (Bernh.
946 1412 989 1456 in
1018 1411 1144 1456 Mert.
1176 1416 1218 1455 et
1244 1413 1294 1455 K.
1328 1413 1537 1456 Deutsch.
1564 1413 1626 1458 Fl.
1662 1413 1717 1466 H,
1749 1427 1787 1468 p.

80 1473 186 1530 536)
210 1474 329 1517 bulbi
358 1473 472 1515 ovati
495 1473 692 1526 squamis
716 1472 981 1521 lanceolatis,
1002 1473 1224 1515 caule-1·2
1247 1472 1355 1515 floro
1379 1472 1645 1527 glaberrimo
1672 1474 1793 1527 poly-

79 1534 241 1589 phyllo‚
267 1533 378 1576 foliis
405 1532 633 1587 aequaliter
664 1532 831 1586 sparsis
874 1532 1379 1575 lanceolato-liuearihus
1424 1532 1589 1586 apicem
1632 1544 1796 1576 versus

79 1593 239 1636 sensim
256 1593 482 1635 diminutis
498 1589 701 1634 omnibus
724 1591 1052 1645 erecto-patulis
1072 1592 1227 1646 pagina
1251 1591 1458 1634 inferiore
1479 1603 1606 1634 secus
1628 1603 1795 1634 nervos

80 1651 495 1708 papilloso-scabris.
522 1650 745 1705 pedicellis
770 1651 961 1699 cernuis,
989 1651 1202 1706 perigonii
1227 1651 1497 1693 cinnabarini
1524 1649 1613 1694 basi
1638 1651 1790 1694 viren-

79 1711 133 1754 tis
172 1711 330 1766 phyllis
366 1710 675 1753 ohlanceolatis
698 1713 815 1752 arcte
843 1710 1057 1753 revolutis
1091 1710 1260 1752 inferne
1282 1710 1389 1753 facie
1427 1710 1627 1754 interiori
1666 1710 1793 1754 lineis

79 1771 257 1814 elevatis
302 1771 510 1814 brevibus
548 1769 930 1824 lusco-purpureis
977 1769 1149 1823 obsitis‚
1192 1769 1371 1823 capsula
1411 1769 1595 1813 obovatfi
1636 1770 1795 1813 obtuse

79 1830 279 1884 angulata
309 1836 365 1879 ᾍ.
394 1829 527 1872 Rchb.
552 1829 608 1871 Ic.
634 1828 780 1870 Germ.
808 1828 875 1882 fig.
909 1829 1011 1871 990.
1042 1853 1095 1860 ——
1122 1828 1171 1871 L.
1192 1827 1558 1871 Chalcedonicum
1579 1827 1698 1883 Jacq.
1725 1828 1790 1872 Fl.

80 1889 228 1931 Austr.
259 1889 414 1943 Suppl.
448 1901 532 1931 non
562 1887 608 1931 L.

124 1963 223 1999 Hah.
245 1964 287 1999 in
336 1965 434 1999 ratis
456 1963 656 1999 montanis
675 1962 823 1998 montis
845 1961 979 1999 Orbeli
999 1961 1234 2009 (Rilodagh)
1268 1961 1513 1999 Macedoniae
1541 1962 1712 2009 (Friedr.
1741 1972 1794 1999 ex.

83 2009 267 2057 Griseb.)
351 2010 498 2046 ditione
517 2010 694 2046 nondum
716 2010 811 2046 vidi.

124 2075 186 2110 Ar.
205 2074 339 2120 Geoqr.
370 2073 485 2111 Italia
504 2074 690 2121 borealis,
710 2076 866 2122 Carma,
886 2075 1036 2122 Illyria,
1058 2075 1276 2121 Dalmatia,
1292 2075 1452 2112 Bosnia.

137 2183 173 2224 S.
197 2182 253 2225 L.
291 2181 655 2227 Heldreichss
684 2182 846 2239 (Freyn
887 2184 1036 2227 Botan.
1070 2183 1176 2227 Zeit.
1215 2185 1344 2236 1879)
1373 2183 1494 2226 bulbi
1519 2185 1633 2226 ovati
1658 2196 1792 2238 squa-

82 2241 159 2283 mis
188 2241 450 2294 lanceolatis,
478 2243 600 2285 caule
627 2243 792 2287 modice
830 2244 942 2286 elato
981 2243 1168 2286 unissoro
1206 2244 1457 2298 polyphyllo
1499 2255 1626 2286 secus
1653 2244 1789 2286 lineas

81 2313 101 2342 a
125 2300 237 2343 soliis
264 2301 550 2345 decurrentes
577 2303 806 2356 papilloso‚
836 2302 949 2345 soliis
988 2302 1493 2346 lanceolato-linearibus
1517 2316 1538 2345 a
1569 2302 1661 2345 basi
1701 2303 1790 2345 sere

82 2358 132 2400 ad
175 2359 364 2404 medium
407 2361 572 2404 caulem
619 2361 1000 2405 subconformibus
1040 2362 1140 2405 dein
1193 2362 1338 2405 subito
1391 2362 1617 2404 diminutis
1655 2363 1793 2414 magis

82 2420 243 2471 sparsis
281 2424 391 2463 utet
429 2420 634 2464 inferiora
671 2422 1000 2475 erecto-patulis
1033 2422 1191 2464 subtus
1221 2422 1273 2464 ad
1307 2434 1468 2465 nervos
1500 2426 1542 2465 et
1573 2423 1794 2473 margines

81 2478 492 2531 pupilloso-scabri8‚
529 2480 636 2523 flore
675 2491 852 2531 cernuo,
895 2481 1122 2535 perigouio
1154 2479 1325 2524 intense
1371 2481 1654 2523 cinnabar-ino
1699 2481 1775 2523 bas

81 2538 290 2580 concolori
323 2539 482 2592 phyllis
506 2539 815 2582 oblanceolatis
842 2544 960 2583 arcte
981 2540 1196 2583 revolutis
1224 2540 1393 2582 inferne
1419 2541 1593 2594 papillis
1621 2541 1792 2593 elonga-

83 2594 135 2637 tis
160 2595 453 2641 cinnabarinis
481 2598 649 2652 obsitis‚
675 2599 851 2653 capsula
876 2599 1057 2643 obovatd
1085 2599 1242 2642 obtuse
1271 2601 1472 2652 angulata}
1507 2607 1565 2648 26.
1606 2599 1653 2640 L.
1693 2600 1799 2642 Car-

85 2654 290 2698 niolicnm
315 2657 460 2699 Heldr.
481 2669 571 2700 exs.
598 2671 682 2701 non
712 2658 866 2701 Bernh.

129 2726 228 2781 Hab.
250 2731 288 2766 in
311 2731 533 2768 declivibus
552 2733 705 2768 saxosis
727 2736 765 2768 et
783 2733 988 2779 sylvaticis
1009 2733 1182 2780 regionis
1209 2736 1405 2769 montana*
1425 2733 1599 2775 ercire,
1624 2734 1790 2769 Parnas-

82 2781 147 2810 sus
166 2786 204 2811 ιη
226 2779 386 2824 regione
406 2783 593 2815 montanai
615 2781 782 2816 interiori
804 2782 889 2816 loeo
909 2781 1045 2827 Pagna
1067 2784 1103 2816 et
1136 2782 1173 2815 in
1195 2781 1375 2816 faucibos
1397 2782 1445 2816 Di
1462 2784 1611 2816 iotanio
1637 2781 1790 2824 (Heldr.

84 2819 199 2874 Herb.
221 2823 353 2861 Norm.
373 2826 441 2862 654
461 2829 498 2872 l),
516 2828 554 2862 in
585 2830 717 2863 monte
738 2828 885 2863 Parnes
909 2829 1045 2864 Atticae
1065 2839 1185 2875 supra
1206 2828 1322 2864 'fatui
1343 2828 1439 2872 illel
1471 2839 1488 2864 r
1510 2831 1549 2873 3),
1570 2830 1607 2863 in
1633 2829 1794 2874 regione

82 2867 249 2906 abietinsi
272 2875 420 2909 montis
441 2874 632 2920 Kylleues
652 2875 758 2910 4000·
779 2875 924 2918 [Heldr
939 2877 979 2921 l).
1002 2875 1058 2911 Fl.
1082 2875 1160 2911 Jul.

129 2932 283 2979 Species
302 2935 345 2972 L.
368 2936 588 2974 Cat-niolseo
608 2942 643 2974 et
665 2937 947 2976 chalceclonico
966 2937 1209 2984 intermedia,
1238 2939 1280 2974 ut
1310 2938 1464 2975 videtur
1495 2940 1555 2974 sat
1589 2939 1791 2976 distincta.
