2089 3246
124 209 221 247 Com
228 207 396 256 melyna.
811 217 1150 246 COMMELYNACEAE
1755 215 1822 252 345

363 419 526 469 ORD.
559 418 912 467 CXXXVIII.
955 419 1584 471 COMMELYNACEAE.

292 554 359 606 (A.
402 553 522 596 Rich.
565 578 617 585 —
658 552 811 597 Clarke
849 554 892 595 in
936 554 1100 607 Monog.
1143 553 1276 597 Phan.
1321 554 1395 607 111,
1434 567 1477 609 p.
1530 555 1646 611 115).

179 682 329 726 Flores
364 682 706 737 hermophrodili
743 695 843 724 raro
870 683 1083 736 polygami
1115 683 1337 736 regulares
1364 683 1430 725 vel
1455 683 1822 737 subirregulares.

119 743 397 796 Perigonium
434 742 739 796 hexaphyllum
770 742 931 796 phyllis
959 742 1100 784 tribus
1128 742 1422 784 exterioribus
1446 742 1670 785 herbaceis
1708 746 1824 797 caly-

116 801 226 845 cinis
283 801 620 855 persistentibus
661 813 746 844 uno
785 801 825 843 in
871 801 1142 844 aestivatione
1184 796 1414 850 exteriore,
1453 802 1595 844 tribus
1636 802 1821 845 internis

121 860 374 915 petaloideis
410 859 647 912 fugacibus.
675 858 865 902 Stamina
893 872 967 903 sex
1007 861 1070 901 vel
1112 861 1265 902 abortu
1305 861 1328 902 3
1354 862 1377 902 5
1410 861 1638 914 liypogyna
1679 862 1823 904 omnia

119 920 273 963 fertilia
309 920 377 962 vel
411 919 571 972 saepius
598 918 804 962 nonnulla
832 918 1044 970 abortiva,
1070 919 1263 961 antberae
1302 919 1502 962 introrsae
1543 919 1818 962 biloculares.

116 978 324 1022 Ovarium
363 979 518 1021 sessile
556 977 740 1020 liberum
767 979 1071 1029 2-3-loculare‚
1101 979 1228 1021 ovula
1257 978 1281 1020 3
1322 979 1387 1020 vel
1415 980 1538 1032 plura
1569 979 1821 1033 ortliotropa

114 1038 271 1091 angulo
293 1038 466 1080 interno
493 1037 636 1080 affixa.
670 1036 820 1090 Stylus
847 1037 1047 1091 simplex,
1074 1038 1227 1089 stigma
1261 1037 1497 1079 indivisum
1533 1038 1597 1079 vel
1635 1038 1821 1080 obscure

113 1096 332 1140 trilobum.
379 1097 566 1140 Fructus
606 1095 766 1150 saepius
806 1097 1048 1152 capsularis
1089 1097 1141 1139 ab
1163 1097 1284 1151 apice
1309 1096 1530 1138 loculicide
1565 1097 1821 1143 *εὶ-3411111113,

113 1156 258 1199 rarius
295 1159 548 1199 crustaceus
599 1155 875 1198 indebiscens
923 1156 988 1197 vel
1039 1156 1257 1210 epicarpio
1305 1156 1556 1198 succulento
1605 1155 1821 1198 baccatuS.

112 1215 286 1258 Semina
318 1214 587 1257 albuminosa
623 1214 822 1267 angulata
846 1215 912 1257 vel
944 1214 1098 1268 peltata
1124 1217 1236 1257 testa
1274 1214 1398 1257 firma
1435 1226 1551 1268 saepe
1590 1215 1820 1256 reticulata

114 1275 181 1316 vel
209 1274 435 1317 foveolala.
459 1272 647 1326 Embryo
672 1273 939 1326 cylindricus
965 1286 1128 1327 parvus
1148 1275 1191 1316 in
1218 1274 1382 1317 foveolsi
1405 1273 1641 1316 albuminis
1657 1272 1710 1314 ab
1732 1273 1820 1315 liilo

116 1335 281 1378 remota
311 1332 514 1376 nidulans
532 1332 740 1387 operculo
767 1333 948 1376 deciduo
976 1337 1129 1376 tectus.

632 1498 940 1551 conlisum
976 1501 1036 1564 (t.
1071 1501 1171 1550 Gen.
1209 1501 1298 1563 62).

170 1629 320 1674 Flores
349 1631 628 1685 irregulares,
657 1632 865 1685 perigenii
894 1631 1054 1686 phyllis
1081 1631 1288 1686 calycinis
1332 1632 1444 1675 binis
1473 1633 1599 1676 tertia
1636 1634 1818 1674 externa

108 1690 359 1745 majoribus,
385 1691 525 1733 tribus
552 1691 774 1733 corollinis
802 1702 917 1744 saepe
952 1691 1252 1734 dissimilibus.
1285 1690 1476 1734 Stamina
1521 1691 1603 1734 tria
1638 1691 1817 1741 fertilia,

111 1749 194 1792 tria
216 1750 380 1793 sterilia
406 1750 602 1793 antheris
627 1750 976 1793 cruciformibus.
1017 1749 1255 1793 Filumenta
1291 1752 1417 1793 nuda.
1454 1749 1640 1804 Capsula
1665 1751 1719 1792 tri
1748 1751 1817 1791 vel

109 1808 262 1851 abortu
307 1809 611 1852 2-1-locularis
656 1810 807 1852 loculis
849 1809 1119 1852 venti-atibus
1159 1810 1445 1863 a-l-spermis
1482 1810 1610 1852 tertio
1645 1821 1818 1851 monos-

109 1879 259 1922 permo
287 1869 354 1911 vel
379 1868 592 1911 abortivo.
620 1892 679 1900 —
702 1868 860 1911 Herbae
882 1880 1083 1918 ramosae,
1111 1868 1242 1910 flores
1267 1869 1309 1910 in
1343 1869 1412 1910 1-2
1433 1869 1675 1912 racemulos
1702 1869 1815 1910 intra

96 1926 322 1970 ,bracteam
344 1928 671 1981 spatbiformem
696 1928 992 1981 complicatam
1032 1928 1099 1971 vel
1137 1928 1394 1970 cucullatam
1431 1927 1623 1970 inclusos
1666 1928 1815 1980 dispo-

103 1986 189 2029 siti.
212 2010 270 2017 —-
290 1985 466 2040 Species
490 1987 533 2029 111
560 1988 721 2030 ditione
750 1989 898 2029 nostra
926 1998 1072 2041 paucae
1090 1998 1241 2029 omnes
1265 1987 1540 2040 subtropicae.

168 2099 201 2140 1.
229 2098 288 2144 C.
313 2097 615 2142 nudiflora
651 2098 718 2154 (L.
744 2098 818 2153 Sp.
852 2112 888 2153 p.
930 2099 1003 2154 61)
1035 2098 1343 2152 glabriuscula,
1377 2097 1578 2140 caulibus
1612 2107 1816 2150 procum-

106 2156 312 2202 bentibus
357 2171 381 2201 e
421 2158 544 2201 nodis
589 2170 705 2212 saepe
741 2157 1056 2208 radicantibus,
1101 2158 1213 2200 foliis
1248 2157 1498 2199 lanceolatis
1539 2154 1814 2205 acuminatis,

106 2218 272 2270 vaginis
297 2227 411 2271 saepe
434 2218 603 2272 cibatis,
627 2217 794 2272 spathis
826 2218 994 2271 sparsis
1026 2217 1330 2271 pedunculatis
1355 2215 1608 2258 lateralibus
1636 2213 1816 2266 compli-

104 2277 209 2318 catis
237 2277 650 2329 ovato-lanceolatis‚
674 2277 812 2320 ovarii
853 2276 1005 2319 loculis
1047 2275 1318 2319 venti-atibus
1347 2274 1595 2323 biovnlatis,
1623 2273 1816 2326 capsulae

104 2334 367 2378 trilocularis
410 2337 535 2379 valva
569 2336 727 2379 dorsali
769 2348 864 2378 cum
908 2335 1074 2378 semine
1118 2335 1283 2377 incluso
1332 2334 1529 2385 decidua,
1569 2331 1815 2375 seminibus

103 2392 297 2437 breviter
323 2393 575 2448 cylindri‘cis
596 2395 833 2438 reticulatis
856 2396 916 2441 Qt.
944 2393 983 2437 C.
1008 2393 1171 2447 diffusa
1197 2393 1343 2436 Burm.
1375 2393 1467 2435 lnd.
1496 2406 1533 2446 p.
1571 2394 1632 2441 18,
1659 2391 1741 2434 tab.
1769 2391 1812 2440 7,

104 2452 172 2506 lig.
198 2454 236 2496 Q,
273 2477 324 2484 —
360 2453 400 2496 C.
441 2454 586 2507 pilosa
623 2455 742 2497 PerS.
778 2454 880 2508 Syn.
907 2455 941 2504 I,
978 2455 1031 2495 55
1076 2477 1132 2484 —
1165 2454 1204 2496 C.
1245 2452 1528 2494 Canariense's
1564 2451 1653 2493 Sni.
1685 2472 1742 2480 —
1770 2447 1809 2490 C.

100 2511 285 2563 aqrare'a
309 2511 398 2556 KQ.
431 2538 480 2545 —
510 2514 656 2557 Webb
682 2516 725 2556 et
758 2513 905 2556 Bertli.
933 2513 1056 2567 Pbyt.
1086 2513 1189 2556 Can.
1221 2512 1304 2555 tab.
1334 2513 1434 2553 2:38.

162 2597 193 2651 β
230 2597 468 2641 Werneana
503 2598 658 2642 Clarke
694 2597 856 2641 Comm.
899 2610 938 2651 p.
986 2599 1079 2640 145.
1113 2622 1161 2629 -
1208 2596 1324 2638 Folia
1366 2593 1810 2647 oblongo-lanceolata

104 2655 194 2699 basi
217 2669 333 2711 saepe
362 2658 609 2711 rotundata,
648 2658 881 2712 pedunculi
922 2658 1090 2700 robusti
1130 2656 1386 2708 abbreviati,
1433 2653 1613 2697 seminis
1653 2652 1811 2693 areolae

105 2727 263 2768 parvae.

147 2796 248 2833 Hab.
271 2799 310 2834 in
332 2798 488 2846 Egypto
516 2799 677 2844 (Werne
697 2809 742 2835 ex
764 2798 923 2845 Clarke)
945 2800 1107 2844 (Annon
1127 2799 1260 2845 potius
1279 2808 1326 2833 ex
1350 2798 1591 2841 5011113311).

149 2868 213 2904 Ar.
238 2869 372 2915 Geoqr.
396 2870 554 2917 Species
588 2871 736 2917 tropica
762 2873 800 2907 et
825 2870 1066 2917 suhtropiea,
1096 2870 1236 2904 Insula*
1268 2868 1531 2904 Canarienses
1563 2869 1599 2902 et
1635 2864 1822 2901 Maderar

99 2915 241 2960 Africa,
258 2915 380 2965 India,
400 2917 612 2962 Australta,
632 2919 810 2954 America
830 2917 1002 2954 borealis
1022 2921 1059 2952 et
1077 2917 1273 2952 australis.
