2089 3246
40 224 201 263 Careoe.
785 228 1037 255 CYPERACEAE
1689 218 1758 255 401

97 302 198 339 Hab.
220 302 257 337 in
279 299 439 345 regione
458 298 655 341 inferiore,
674 297 874 334 Palestina
894 298 943 334 ad
959 297 1163 334 meridiem
1183 297 1289 333 Gaza
1307 297 1646 343 (Barbev!)‚ci1·c:·2
1662 298 1759 334 Hie-

42 350 299 396 rosolymam
321 347 445 392 (Roth
463 345 590 390 2101),
611 345 852 381 Damascum
863 345 1050 395 ⁴(Gailll),
1069 345 1222 392 Aleppo
1244 345 1386 390 (Auch.
1408 337 1524 380 3808!
1546 345 1707 382 Ilaussk
1723 349 1760 391 l),

49 399 158 435 inter
178 397 331 442 Aleppo
349 397 390 430 et
407 393 561 429 Mossul
587 391 710 437 (oliv.
731 403 780 429 ex
796 393 831 429 J.
851 394 941 439 Gay
954 394 992 437 ἔ).

102 469 191 504 Var.
210 466 233 514 β
253 466 302 502 ad
322 466 469 502 formas
487 464 660 506 numilas
682 463 721 500 C.
748 464 884 500 dz'vz'soe
902 464 1089 500 accedens
1118 463 1169 499 ab
1193 464 1249 499 eis
1273 466 1406 500 tamen
1439 476 1457 499 s
1488 466 1545 501 ica
1577 469 1761 511 congestat

50 526 126 554 nec
144 514 368 560 sublobata,
386 512 544 548 bractea
565 512 811 558 spicularum
835 511 1067 548 inferiorum
1087 520 1167 547 non
1195 510 1312 558 longe
1338 514 1450 559 cuspi
1483 515 1560 557 am,
1582 513 1762 549 utriculis

46 564 188 601 minus
209 562 286 598 late
304 560 434 597 ovatis
459 558 599 595 differt.

98 639 162 674 Ar.
183 638 317 681 Geogr.
334 635 550 671 Germania
568 633 782 680 orientalis,
801 634 907 679 regio
930 633 1177 678 Danubialis,
1197 633 1340 670 Rossia
1358 634 1490 671 media
1506 637 1544 671 et
1559 636 1759 681 australis,

47 685 215 731 Sibil-ia,
234 683 402 728 Tibetia,
419 682 600 718 America
621 682 765 717 arctica
784 683 823 718 et
838 680 1020 717 borealis.

118 802 186 844 12.
215 800 271 845 C.
301 798 501 843 divisa
530 799 691 853 (Huds.
715 797 762 840 Fl
799 797 925 852 Angl.
952 798 982 849 1,
1009 812 1052 853 p.
1083 799 1188 855 348)
1212 799 1448 844 rhizomate
1469 802 1550 845 lato
1569 807 1762 856 repente,

53 862 168 905 foliis
211 859 353 902 firmis
395 858 536 912 planis
583 857 750 901 striatis
788 859 1292 902 attenuato-acuminatis
1332 860 1522 903 culmum
1568 867 1763 905 erectum

55 921 321 975 triquetrum
356 929 472 971 saepe
495 916 789 972 aequantibus‚
815 917 934 971 spica
956 918 1194 972 composita
1216 921 1341 961 ovata
1377 920 1442 962 vel
1469 920 1655 974 oblonga
1678 924 1766 975 spi-

53 979 167 1023 culis
192 976 459 1031 androgynis
487 987 681 1030 superne
703 976 907 1020 masculis
934 977 1248 1031 approximatis
1268 978 1334 1020 vel
1357 979 1638 1023 interioribus
1663 982 1766 1024 sub-

59 1038 226 1082 dissitis
245 1035 337 1079 basi
365 1036 597 1078 bractealis
624 1038 866 1088 constante,
885 1034 1059 1078 bractea
1076 1037 1345 1091 spicularum
1369 1038 1624 1081 inferiorum
1643 1040 1766 1093 longe

56 1098 237 1141 arietata
277 1095 437 1149 spicam
464 1095 687 1138 interdum
711 1098 929 1149 aequante,
955 1096 1116 1149 glumis
1154 1096 1367 1139 brunneis
1394 1098 1598 1141 carinatis
1629 1101 1767 1142 acutis

53 1157 128 1201 vel
153 1154 437 1207 mucronatiS,
466 1153 742 1208 stigmatibus
755 1154 884 1204 binis,
911 1155 1113 1198 utriculis
1138 1155 1231 1198 basi
1255 1157 1490 1199 attenuatis
1517 1157 1601 1200 late
1628 1160 1768 1201 ovatis

59 1213 418 1271 plano-convexis
441 1213 635 1256 obsolete
665 1213 868 1257 nervosis
896 1213 1046 1256 nitidis
1083 1226 1276 1269 superne
1304 1216 1499 1268 margine
1532 1217 1697 1260 scabris
1724 1219 1767 1260 in

61 1278 258 1318 rostrum
295 1272 606 1316 brevissimum
643 1271 916 1316 bidentatum
943 1274 1178 1317 attenuatis
1217 1275 1278 1321 Qt.
1307 1274 1362 1316 Ic.
1387 1275 1587 1319 Schkulir
1614 1276 1663 1328 V,
1697 1277 1767 1330 fig.

59 1335 132 1377 61.
161 1357 218 1365 —
242 1331 374 1376 Rchb.
400 1331 551 1374 Germ.
579 1334 608 1373 t.
637 1332 737 1374 ι205.
764 1355 820 1364 -
853 1331 898 1376 C.
930 1331 1197 1375 schaenoides
1230 1333 1340 1377 Host
1364 1333 1511 1378 Gram.
1537 1336 1620 1378 tab.
1648 1338 1688 1378 4.
1716 1361 1769 1367 —-

58 1392 103 1436 C.
132 1391 373 1435 Austriaca
397 1390 524 1434 Schk.
545 1414 598 1422 —
623 1390 664 1434 C.
688 1390 878 1434 incurva
903 1390 993 1435 Sm.
1018 1392 1173 1435 Prodr.
1199 1405 1286 1435 non
1309 1393 1458 1437 Willd.
1482 1417 1531 1425 —
1560 1394 1604 1437 C.
1626 1395 1771 1449 cuspi-

64 1453 170 1494 data
196 1451 361 1494 Bertol.

111 1535 218 1580 Hah,
233 1535 274 1571 in
292 1534 416 1581 pratis
435 1536 474 1570 et
489 1533 589 1571 locis
610 1533 788 1570 humidis
804 1535 1014 1571 maritimis
1030 1538 1069 1572 et
1087 1536 1356 1583 Interioribus‚
1373 1547 1396 1572 a
1410 1537 1570 1584 regione
1595 1538 1772 1575 inferiori

64 1583 115 1619 ad
136 1585 367 1618 montanam
387 1583 429 1617 in
448 1583 531 1618 tota
549 1581 700 1618 ditione
719 1591 744 1617 a.
769 1581 944 1619 Graecia!
964 1582 1136 1619 Thracia
1153 1585 1160 1618 l
1180 1584 1229 1619 ad
1253 1584 1454 1631 Egyptum
1469 1589 1507 1621 et
1526 1586 1609 1632 ejus
1629 1586 1772 1622 Oases!

65 1630 238 1676 Syriam,
276 1629 463 1665 Arabiam
493 1629 678 1665 Petream
709 1629 876 1676 (Posti),
909 1630 1242 1678 Mesopotamiam
1259 1633 1266 1667 l
1295 1632 1475 1679 regiones
1513 1634 1749 1670 Caucasieas
1765 1636 1772 1669 l

61 1677 241 1715 Persiam
266 1676 467 1713 borealem
484 1678 523 1713 et
542 1676 758 1713 australem
778 1679 786 1712 l
804 1678 1062 1725 Affghaniam
1082 1678 1251 1724 (Griffl).

113 1750 178 1786 Ar.
191 1749 327 1794 Geogr.
347 1747 507 1795 Europa
526 1747 659 1784 media
678 1750 716 1784 et
732 1750 918 1785 australis
936 1759 959 1785 a
976 1749 1184 1786 Britannia
1202 1752 1240 1786 et
1256 1750 1386 1787 Gallia
1403 1751 1455 1787 ad
1478 1751 1661 1788 Rossiam
1694 1763 1775 1788 me-

56 1795 368 1880 ἓξὲῐέὶίἒέξέἑία
400 1795 616 1841 UralensiS,
651 1795 760 1842 regio
792 1796 1026 1843 Himalaica‚
1054 1797 1187 1833 Africa
1216 1798 1398 1845 borealis,
1434 1798 1608 1845 Madera,
1635 1801 1774 1836 insulae

132 1963 197 2005 13.
223 1963 281 2006 C.
307 1961 587 2006 arenaria
615 1961 684 2017 (L.
718 1961 790 2017 Sp.
821 1963 952 2020 1381)
977 1963 1214 2007 rhizomate
1245 1964 1496 2018 longissime
1521 1970 1702 2020 repente
1724 1969 1774 2010 ad

70 2021 209 2066 nodos
242 2021 522 2064 stoloniferos
565 2021 722 2076 vagina
760 2022 900 2065 lacera
940 2025 1083 2075 aucto,
1114 2023 1228 2066 soliis
1259 2023 1499 2068 linearibus
1534 2026 1673 2079 planis
1710 2029 1778 2071 vel

60 2080 368 2123 canaliculatis
391 2080 650 2124 acumiuatis
676 2082 860 2137 asperis,
893 2082 1050 2125 culmis
1079 2083 1309 2136 triquetris
1334 2085 1504 2137 asperis
1523 2085 1590 2127 vel
1611 2085 1780 2129 inferne

61 2139 357 2192 ‹laeviusculis,
390 2139 508 2194 spica
549 2139 845 2194 decomposita
882 2141 1068 2196 oblonga
1094 2142 1162 2184 vel
1191 2145 1314 2186 ovata
1351 2142 1486 2185 densa
1518 2144 1585 2186 vel
1612 2144 1781 2188 inferne

64 2199 323 2254 interrupta
360 2199 542 2252 spiculis
577 2199 798 2254 supremis
832 2201 1054 2245 masculis,
1087 2201 1370 2245 inferioribus
1402 2202 1615 2255 femineis,
1650 2205 1784 2248 inter-

73 2258 200 2301 meiis
239 2257 507 2311 androgynis
545 2258 666 2313 apice
706 2260 911 2302 masculis
950 2260 1184 2303 bracteatis
1211 2261 1385 2304 bractea
1418 2262 1502 2305 lata
1530 2264 1574 2305 in
1604 2263 1783 2307 aristam

75 2316 323 2360 subulatam
378 2317 589 2371 apiculam
638 2328 754 2376 sbaepe
809 2323 1092 2373 superantem
1139 2323 1376 2370 attenuata,
1425 2321 1585 2374 glumis
1640 2323 1782 2365 fructu

68 2375 334 2430 aequilongis
374 2376 441 2418 vel
480 2376 749 2430 longioribus
800 2378 1048 2421 lanceolatis
1095 2380 1352 2422 acuminatis
1406 2379 1785 2436 brunneo-margi-

81 2435 209 2486 natis,
232 2434 508 2487 stigmatibus
542 2436 669 2483 binis,
699 2436 899 2480 utriculis
927 2437 1067 2481 ovatis
1107 2438 1468 2492 plano-convexis
1511 2439 1651 2483 valide
1687 2454 1787 2484 ner-

72 2495 194 2537 ·vatis
218 2506 241 2536 a
265 2493 407 2537 medio
421 2494 490 2536 ala
514 2494 688 2538 dilatata
711 2497 1108 2539 serrulam-scabra
1132 2498 1173 2539 in
1191 2501 1384 2541 rostrum
1403 2498 1582 2541 bifidum
1599 2500 1787 2543 abeunte

82 2552 235 2596 cinctis
264 2554 325 2599 Qt.
351 2552 487 2595 Rchb.
513 2553 659 2597 Germ.
686 2555 783 2601 tab„
801 2556 899 2597 209.
926 2580 975 2586 —
998 2555 1040 2598 C.
1069 2555 1331 2599 intermedia
1352 2556 1456 2600 Urv.
1477 2558 1684 2612 Enum.p.
1709 2559 1787 2601 122

82 2623 169 2655 non
194 2610 330 2654 Good.
355 2635 408 2642 —
435 2611 478 2655 C.
511 2612 710 2656 Colchica
731 2614 769 2657 J.
798 2613 890 2669 Gay
918 2615 1029 2658 Ann.
1059 2614 1127 2657 Sc.
1155 2615 1249 2658 Nat.
1276 2615 1433 2672 (1835)
1459 2616 1512 2666 X,
1538 2630 1576 2671 p.
1608 2618 1705 2660 303.

130 2694 292 2730 Hab.in
311 2694 491 2731 herbidis
511 2695 776 2743 Peloponnesi
799 2699 863 2742 (ex
884 2698 963 2733 Sm.
996 2699 1164 2745 Prodr.)‚
1192 2700 1351 2735 Tauriae
1383 2699 1432 2735 ad
1464 2700 1607 2736 Kertcli
1639 2705 1672 2736 ei
1711 2712 1792 2738 are-

85 2742 194 2777 nosis
215 2742 424 2778 maritimis
446 2742 603 2779 Tauriae
622 2744 671 2780 ad
690 2744 894 2780 Soukoum
922 2745 1022 2781 Kale
1043 2746 1183 2791 (Urv.).
1208 2747 1297 2783 Non
1321 2747 1416 2783 vidi.

134 2815 279 2851 Forma
299 2815 514 2852 Orientalis
536 2826 556 2852 e
577 2816 776 2853 littoribus
795 2818 939 2854 Euxini
960 2829 983 2854 a
1002 2821 1098 2865 typo
1126 2818 1265 2856 culmis
1292 2822 1423 2857 minus
1450 2821 1602 2857 scabris
1631 2825 1666 2858 et
1700 2824 1793 2858 utri-

86 2862 189 2898 culis
211 2864 338 2910 antice
359 2864 557 2910 copiosius
576 2865 753 2900 nervatis
771 2866 926 2901 tantum
949 2866 1083 2902 dissere
1107 2867 1274 2904 videtur.

136 2935 199 2970 Ar.
219 2934 354 2980 Geoqr.
386 2935 539 2971 Littora
569 2937 786 2983 praesertim
820 2938 1020 2974 maritima
1046 2939 1166 2975 totius
1196 2939 1376 2987 Europae,
1406 2942 1515 2987 regio
1552 2941 1797 2987 Danubialis,

78 2979 242 3017 „Sibiria
261 2985 327 3028 (ex
347 2982 510 3029 Ledeb.)

1611 3054 1656 3089 213
