2089 3246
99 214 257 255 Melica.
831 222 1058 250 summus:
1737 213 1811 254 585

525 406 776 461 specierum
801 405 1094 450 Orientalium
1118 403 1381 449 distributio

747 543 760 555 ·
783 540 987 580 Glumeua
1004 539 1156 586 glabra.

719 629 754 663 ><
787 623 921 659 Culmi
952 622 1185 659 fasciculati.

145 704 203 744 M.
220 717 399 752 ramosa,
419 707 563 744 minor.

736 807 778 848 4-
805 807 849 849 4
876 803 1008 841 Culmi
1026 805 1166 852 sparsi.

143 886 200 926 M.
222 893 380 934 nutans,
398 888 518 936 picta,
535 887 722 933 secunda,
740 886 928 933 unz‘siora,
946 886 1161 933 rectiflora.

454 989 466 1001 ·
491 990 503 1001 ·
529 987 732 1024 Glumella
758 987 936 1034 margine
952 986 1086 1023 ciliata
1105 986 1170 1023 vel
1187 988 1271 1024 tota
1288 986 1443 1024 villosa.

145 1065 200 1105 M.
221 1068 371 1116 cilium,
391 1067 559 1115 Gummi,
580 1066 835 1115 penicillaris.

750 1300 763 1313 ’
788 1296 991 1337 Glumella
1007 1297 1158 1347 glabra.

161 1414 196 1454 1.
231 1411 300 1454 M.
338 1421 585 1455 ramosa
614 1408 733 1466 (Vill.
759 1409 933 1464 Dauph.
959 1407 1016 1458 ΙΙ,
1046 1422 1085 1464 p.
1119 1408 1195 1466 91)
1221 1409 1454 1464 cespitosn,
1475 1409 1653 1454 caudice
1674 1410 1807 1455 indu-

96 1474 209 1522 rato,
228 1470 375 1513 radice
388 1470 567 1514 fibrosa.
584 1469 740 1513 culmis
763 1468 1024 1512 fasciculatis
1049 1468 1289 1511 humilibus
1313 1469 1380 1511 vel
1398 1469 1611 1522 elongatis
1634 1470 1808 1515 inferne

95 1528 251 1572 crebre
277 1529 441 1573 foliosis
468 1533 512 1572 et
527 1528 751 1571 interdum
776 1528 961 1571 ramosis
984 1527 1323 1571 ascendentibus
1352 1529 1418 1571 vel
1437 1529 1595 1571 erectis
1620 1530 1810 1582 gracilli-

96 1588 178 1632 mis
217 1588 390 1642 rigidis,
427 1587 540 1630 soliis
569 1591 754 1640 anguste
791 1584 1038 1631 convolutis
1071 1586 1241 1641 rigidis.
1272 1587 1405 1641 ligula
1432 1587 1616 1641 oblonga
1651 1588 1807 1640 lacera,

98 1648 298 1702 panicula
326 1648 526 1700 elongata
561 1647 656 1690 laxa
698 1646 970 1702 pyramidem
997 1646 1170 1688 ramosa
1210 1647 1278 1689 vel
1317 1646 1589 1699 subsimplici
1621 1650 1806 1691 racemi-

96 1706 222 1749 formi
262 1706 468 1756 secunda,
503 1706 686 1760 spiculis
707 1706 865 1749 erectis
910 1705 1086 1747 demum
1127 1704 1385 1748 nutantibus
1431 1705 1805 1759 subquadrissoris

94 1766 401 1820 superioribus
441 1765 781 1815 1-2-sterilibus‚
815 1763 976 1819 glumis
1023 1764 1482 1816 oblongo-lanceolatis
1519 1765 1805 1810 acutiusculis

95 1823 180 1868 late
223 1824 427 1868 scariosis
476 1824 928 1878 subquinquenerviis
976 1823 1208 1877 superiore
1256 1823 1538 1876 sublongiore
1591 1824 1802 1870 flosculos

95 1888 296 1938 aequante
333 1884 398 1927 vel
435 1888 694 1938 superante,
718 1883 928 1937 glumella
959 1881 1109 1935 glabra
1149 1881 1387 1926 lanceolata
1420 1882 1552 1925 dorso
1579 1887 1806 1937 punctato-

93 1944 250 1986 scabra
273 1943 474 1987 elevatim
502 1942 747 1996 plurinervi
774 1946 818 1984 et
839 1943 955 1984 inter
978 1953 1142 1983 nervos
1168 1943 1347 1984 exarata
1370 1942 1491 1995 apice
1519 1943 1711 1985 scariosa
1738 1945 1803 1990 Q.

94 2000 153 2045 M.
173 2002 346 2044 minuta
369 2001 415 2043 L.
437 2001 569 2044 Mani.
597 2001 628 2052 1,
647 2015 687 2057 p.
707 2002 761 2044 32
780 2001 961 2056 (nomen
988 2001 1165 2043 omnino
1182 2000 1507 2055 incongruum).

152 2099 192 2123 α.
219 2079 418 2131 vulyaris
446 2078 610 2122 Cosson
652 2077 760 2132 Exp.
792 2077 890 2131 Alg.
934 2090 974 2132 p.
1015 2077 1119 2119 136.
1163 2101 1222 2107 -—
1263 2077 1483 2120 Paniculae
1521 2077 1806 2130 pyramidatae

93 2138 205 2181 rami
234 2143 432 2194 patentes
455 2139 687 2180 inferiores
710 2137 884 2191 gemini.
914 2160 970 2167 —
999 2135 1055 2178 M.
1082 2134 1228 2186 maior
1262 2135 1385 2178 Sibth
1409 2140 1452 2178 et
1477 2136 1565 2181 Sm.
1595 2136 1749 2179 Prodr.
1769 2137 1804 2191 Ι,

95 2209 134 2252 p.
164 2201 232 2240 51.
257 2222 313 2229 —
338 2197 393 2240 M.
422 2208 582 2249 aspera
605 2197 721 2239 Desf.
750 2220 802 2226 —
829 2196 882 2238 M.
906 2194 1206 2250 pyramidalis
1232 2194 1352 2238 Lam.
1380 2195 1440 2238 Fl.
1466 2196 1534 2237 Fr.

143 2274 247 2310 Hah.
264 2275 304 2310 in
326 2273 576 2320 rupestribus
594 2271 759 2308 Graeciae
779 2271 957 2317 (Sibth.)‚
983 2270 1233 2318 Cephalonis
1253 2271 1294 2306 in
1314 2273 1447 2307 monte
1466 2271 1591 2307 AEnos
1609 2271 1756 2317 (Heldr
1769 2273 1809 2318 l),

92 2321 283 2358 Atticam
310 2324 444 2357 monte
472 2320 662 2366 Hymetto
686 2319 819 2364 (Boiss
835 2321 862 2364 l)
891 2322 928 2355 et
954 2319 1086 2354 insula
1122 2318 1221 2354 Lero
1255 2317 1454 2364 (Heldr!),
1490 2320 1606 2355 Crem
1640 2319 1806 2366 (Siebl),

93 2368 227 2415 Cypro
248 2369 298 2404 ad
319 2367 634 2414 Chrysorodissa
650 2371 687 2403 et
706 2368 923 2403 Prodromo
941 2366 1037 2411 (Ky.
1051 2366 1175 2411 6821).

152 2433 197 2488 β.
224 2432 515 2475 εαπαιὶιίε.-
537 2431 743 2474 Panicula
768 2428 1085 2473 racemil'ormis
1113 2428 1304 2473 secunda
1333 2429 1519 2485 simplex
1542 2430 1606 2473 vel
1635 2430 1807 2474 inferne

93 2493 229 2536 ramis
257 2493 328 2534 1-3
357 2490 564 2534 solitariis
587 2489 799 2534 brevibus
830 2487 994 2533 strictis
1023 2493 1161 2531 aucta.
1190 2512 1245 2518 —
1282 2487 1340 2531 M.
1367 2489 1574 2531 saxatilis
1600 2489 1735 2532 Sibil).
1764 2495 1808 2535 et

91 2549 183 2595 Sm.
211 2551 274 2594 Fl.
301 2551 364 2594 Gr
387 2551 416 2600 Ι,
438 2551 508 2601 55,
531 2548 617 2592 tab.
643 2550 715 2592 71.

144 2624 247 2661 Hah.
266 2626 308 2661 in
327 2623 500 2660 collibus
526 2626 564 2658 et
581 2621 835 2669 rupestribus
859 2621 1023 2658 Graeciae
1045 2622 1085 2657 in
1106 2621 1250 2657 insulis
1277 2621 1452 2667 (Simu),
1484 2623 1604 2658 Chios
1630 2623 1808 2672 (Orphl),

85 2670 361 2727 Peloponneso
377 2672 420 2707 in
446 2673 579 2706 monte
600 2670 776 2717 Taygeto
797 2669 978 2724 (Pichll),
990 2668 1178 2705 Anatolio
1197 2669 1246 2704 ad
1267 2669 1422 2704 Elmalu
1448 2669 1579 2722 Lyciae
1601 2670 1804 2718 (Bourgl),

90 2718 230 2756 Cflicla
247 2718 428 2755 Trachea
447 2727 570 2765 prope
588 2718 793 2754 Anamour
809 2717 906 2761 [Per
919 2718 958 2762 l),
979 2716 1111 2762 Cypro
1128 2716 1179 2752 ad
1198 2717 1374 2753 Kantara
1401 2717 1555 2760 (sunl).

198 2784 463 2839 parvrflora.
487 2807 543 2816 -
571 2783 777 2827 Panicula
805 2783 1102 2838 depauperata
1129 2782 1319 2825 secunda
1356 2782 1542 2837 simplex
1570 2782 1640 2826 vel
1670 2783 1806 2827 ramis

95 2805 178 2889 bg
196 2844 403 2889 solitariis
427 2845 565 2896 aucta,
593 2842 772 2897 spiculae
799 2842 862 2884 eis
891 2840 1234 2897 praecedentium
1254 2843 1460 2894 minores,
1487 2842 1619 2884 culmi
1649 2845 1805 2887 tenues

91 2904 293 2958 elongati,
313 2903 425 2947 l'oliia
447 2903 642 2955 elongata
675 2912 792 2956 saepe
821 2900 1016 2944 flaccida.
1052 2922 1111 2932 —
1147 2899 1204 2943 M.
1228 2901 1424 2943 Armeno
1457 2901 1596 2944 Boiss.
1635 2905 1679 2944 et
1716 2902 1802 2956 Ky.

93 2961 248 3008 Sched.
279 2964 406 3006 1859.
