2062 3314
255 221 326 258 420
973 228 1220 256 CYPERAOEAE
1797 219 1940 256 Careoe.

258 308 426 359 integro
470 306 530 351 Qt.
576 304 628 346 Ic.
658 304 764 346 Host
795 306 946 348 Austr.
977 305 1059 349 tab.
1095 306 1164 347 94.
1193 329 1242 335 —-
1284 303 1415 347 Rcbb.
1450 302 1595 345 Germ.
1638 304 1723 346 tab.
1764 304 1860 346 230.
1891 329 1946 336 -

260 365 384 407 Boott
410 363 505 406 Car.
533 363 603 406 tab
651 364 856 406 584-555.
886 387 936 393 -—
962 364 1002 407 C.
1030 364 1242 416 caspitosa
1264 363 1397 405 Huds.
1422 360 1513 415 Gay
1538 362 1649 404 Ann.
1674 362 1738 405 Sc.
1766 363 1862 407 Nat.

305 438 406 474 Hab.
431 438 471 473 in
493 437 706 483 paludibus
726 437 966 482 spongiosis,
988 438 1141 474 Graecia
1168 438 1207 473 in
1228 436 1470 482 Peloponeso
1497 435 1654 482 (Rom),
1681 437 1947 475 Transcauca-

255 487 312 521 sia
329 486 368 521 in
383 485 510 520 Iberia
535 486 572 520 et
589 484 712 520 Guria
733 484 928 528 (Ledeb.).
946 485 977 521 Ε
996 484 1144 521 ditione
1165 484 1343 520 nondum
1362 483 1456 519 vidi.

304 552 366 587 Ar.
399 551 530 595 Geoqr.
566 549 724 596 Europa
758 549 931 586 borealis
962 551 1001 586 et
1023 549 1155 586 media
1192 548 1243 585 ad
1277 549 1514 595 Hispaniam
1545 551 1583 584 et
1616 548 1768 586 Italiam
1801 550 1951 587 medias

258 608 392 645 usque.

319 697 387 740 63.
417 695 470 738 C.
496 696 795 751 cespitosa
820 695 885 751 (L.
916 695 980 738 Fl.
1014 695 1138 738 Suec.
1170 708 1207 749 p.
1240 696 1323 737 333
1353 708 1434 737 non
1458 694 1632 739 Gooden
1676 708 1755 739 nec
1775 696 1812 739 J.
1838 697 1951 752 Gay)-

260 757 403 799 radice
426 755 557 797 dense
581 757 796 808 cespitosa
824 767 905 796 non
935 755 1199 800 stolonifera.
1229 755 1338 797 soliis
1365 758 1545 808 anguste
1570 756 1806 799 linearibus
1840 756 1952 798 bica-

262 815 413 858 riualis
453 813 632 867 scabris,
661 814 825 865 vaginis
863 814 1025 855 infimis
1061 814 1101 855 in
1143 814 1274 856 fibras
1315 813 1486 862 soluti&
1518 815 1670 858 culmis
1702 815 1953 858 numerosis

259 873 422 917 strictis
447 877 569 915 acute
597 874 935 926 triangularibus
967 873 1146 925 scabris,
1175 873 1355 926 spiculis
1389 874 1462 914 3-4
1495 874 1698 916 consertis
1736 873 1952 917 terminali

259 932 537 976 subsolitaria
561 933 749 974 mascula
777 932 988 974 fusifurrni
1016 933 1184 974 caeteris
1219 931 1465 985 cylindricis
1497 932 1809 975 subsessilibus
1837 945 1955 976 erec-

260 993 329 1046 tis,
372 991 556 1033 bracteis
594 990 1254 1043 auriculato-snbvaginantibus
1295 990 1500 1033 inferiore
1550 992 1761 1043 elongata,
1796 991 1955 1045 glumis

263 1051 390 1094 fuscis
419 1050 613 1102 margine
637 1050 934 1103 pallidioribus
959 1049 1097 1092 ovatis
1124 1050 1290 1092 obtusis
1315 1050 1517 1099 erosulis,
1535 1051 1808 1103 stigmatibus
1823 1048 1951 1096 binis.

262 1109 462 1152 utriculis
480 1110 626 1156 gluma
648 1108 1005 1162 sublongioribus
1034 1108 1437 1161 elliptico·oblongis
1459 1110 1720 1162 compressis
1745 1110 1955 1153 subener-

263 1169 344 1211 viis
373 1167 565 1210 breviter
589 1167 823 1213 rostellatis
858 1173 914 1214 26.
943 1167 996 1208 Ic.
1023 1167 1155 1209 Rclib.
1181 1166 1326 1209 Germ.
1363 1167 1449 1210 tab.
1479 1168 1578 1209 229.
1606 1192 1659 1198 —
1699 1168 1821 1211 Boott
1855 1167 1949 1212 Car.

264 1227 344 1269 tab.
369 1228 435 1269 602.
463 1250 514 1257 -
537 1226 575 1267 C.
600 1225 784 1280 pacifica
811 1227 925 1279 Drej.
969 1226 1030 1267 Fl.
1059 1226 1183 1268 Hafn.
1226 1227 1322 1268 292.
1359 1251 1412 1257 ——-
1448 1226 1480 1269 C
1536 1225 1709 1279 Drejeri
1747 1226 1876 1282 Lang.
1901 1251 1953 1258 —

263 1286 392 1328 Koch.
426 1311 473 1317 —-
502 1286 542 1328 C.
564 1285 839 1338 Kotsclzyana
876 1284 1012 1327 Boiss.
1043 1289 1084 1326 et
1110 1285 1216 1327 Hoh.
1244 1285 1392 1338 Diagn.
1421 1285 1514 1328 Ser.
1543 1287 1584 1336 2,
1618 1287 1679 1337 13,
1704 1299 1742 1340 p.
1763 1287 1829 1329 38.

311 1362 411 1398 Hal).
435 1363 477 1397 in
501 1361 677 1397 humidis
704 1361 849 1406 alpinis
875 1362 1040 1396 Caucasi
1063 1360 1378 1407 septentrionalis
1404 1359 1463 1404 (C.
1491 1362 1534 1396 A.
1570 1359 1703 1406 Mey.)‚
1724 1361 1956 1397 Somcbetiae

265 1410 433 1453 (Eichw.
457 1420 505 1445 ex
532 1409 661 1444 Ledeb
680 1410 708 1453 ),
728 1408 872 1444 Persiae
897 1407 980 1443 bor.
1004 1409 1040 1442 in
1068 1411 1198 1443 monte
1216 1408 1360 1443 Elbrus
1380 1418 1501 1454 prope
1529 1407 1719 1455 Passgala
1736 1409 1829 1454 (Ky.
1849 1408 1957 1455 1201)

266 1461 303 1493 et
320 1457 501 1492 australis
521 1456 559 1491 in
577 1459 707 1491 monte
727 1456 820 1491 Kuh
841 1456 976 1490 Daena
997 1456 1079 1501 (Ky
1113 1455 1182 1490 694
1201 1460 1238 1491 et
1254 1455 1378 1500 7401).

311 1522 502 1557 Rliizoma
527 1522 563 1556 in
593 1531 691 1566 spec.
726 1521 853 1566 magis
875 1519 1079 1566 completis
1117 1518 1154 1556 C.
1176 1518 1442 1566 Kotschyanoe
1461 1529 1539 1554 non
1558 1519 1848 1566 stoloniferum,
1874 1519 1960 1556 haec

264 1570 383 1615 igitur
403 1580 424 1604 a
447 1568 486 1605 C.
507 1565 697 1615 cespicosd
720 1577 796 1603 non
816 1570 876 1602 sat
893 1567 1024 1602 differt

329 1634 390 1668 Ar.
412 1633 541 1677 Geoqr.
562 1632 719 1677 Europa
740 1630 909 1667 borealis
927 1631 974 1666 ad
998 1630 1255 1677 Britanniam,
1276 1630 1529 1667 Germaniam
1549 1629 1757 1676 borealem,
1778 1630 1960 1667 Rossiam

266 1680 438 1717 mediam
465 1690 598 1726 usque,
617 1678 769 1715 Sibiria.

329 1785 397 1826 64.
426 1782 480 1826 C.
507 1781 780 1837 vulgaris
817 1781 959 1835 (Fi-ies
985 1781 1110 1824 Mant.
1140 1781 1178 1832 3,
1214 1779 1306 1828 155)
1344 1781 1487 1822 radice
1514 1781 1606 1822 laxe
1633 1780 1845 1833 cespitosfi
1872 1785 1960 1823 sto-

271 1843 466 1894 tonina-a,
503 1841 611 1884 foliis
640 1844 824 1892 anguste
862 1840 1097 1882 linearibus
1135 1839 1259 1883 siccis
1290 1839 1545 1890 convolutis,
1583 1839 1747 1892 vaginis
1787 1841 1955 1883 tandem

273 1902 423 1945 laceris
451 1901 525 1944 sed
552 1900 593 1942 in
623 1900 756 1942 fibras
781 1913 861 1942 non
888 1899 1223 1943 solutis.cnlmis
1249 1903 1371 1942 acute
1401 1899 1626 1953 triquetris
1650 1911 1841 1952 superne
1869 1912 1959 1942 sca-

272 1962 378 2011 bris,
402 1960 581 2014 spiculis
621 1960 693 2000 3-5
721 1959 917 2011 oblongis
942 1960 1004 2000 vel
1034 1958 1282 2010 cylindricis
1308 1958 1463 2000 erectis
1487 1958 1698 2011 contiguis
1726 1959 1791 2001 vel
1821 1971 1959 2000 remo-

272 2020 470 2064 tiusculis
494 2018 723 2062 sessilibus
747 2018 894 2059 intima
918 2018 1057 2060 rarfns
1095 2017 1395 2069 pedunculala.
1421 2016 1606 2059 bracteis
1637 2029 1717 2058 non
1751 2017 1960 2069 vagiiialis

275 2080 420 2123 intima
457 2078 644 2120 culmum
685 2077 826 2119 rarius
862 2080 1077 2130 aequante,
1106 2077 1263 2128 glumis
1296 2076 1526 2118 atrofuscis
1560 2075 1962 2129 elliptico-oblongis

274 2138 441 2182 obtusis
466 2137 604 2179 fructu
635 2135 924 2178 brevioribus.
959 2135 1232 2188 stigmatibus
1261 2134 1386 2185 binis,
1407 2133 1605 2177 utriculis
1631 2135 1788 2176 albidis
1817 2135 1962 2189 plano-

275 2197 480 2241 convexis
526 2193 927 2250 ellipticn-ohlongis
970 2194 1260 2237 multinerviis
1305 2193 1564 2236 brevissime
1610 2193 1844 2236 rostellatis
1901 2195 1962 2240 Qt.

277 2257 407 2298 Rclib.
444 2256 586 2299 Germ.
622 2255 689 2296 tab
733 2254 828 2295 226.
858 2278 904 2283 -
957 2253 1077 2295 Booti
1119 2253 1200 2294 tab.
1227 2254 1310 2294 557
1366 2277 1417 2283 -
1453 2251 1491 2295 C.
1522 2252 1732 2304 cespitosa
1771 2251 1946 2294 Gooden

280 2315 324 2357 L.
357 2315 578 2358 Transact.
607 2326 688 2355 non
729 2312 766 2354 L.
796 2338 845 2343 —-
880 2313 921 2356 C.
958 2311 1237 2354 Goodenowe'i
1261 2311 1282 2354 J
1333 2310 1420 2366 Gay
1461 2311 1571 2354 Ann.
1606 2310 1668 2354 Sc.
1705 2310 1799 2354 Nat.
1837 2312 1963 2363 1839,

279 2388 320 2430 p.
345 2375 441 2417 191.

326 2450 426 2486 Hah.
453 2451 493 2485 in
526 2449 615 2485 udis
640 2451 676 2484 et
703 2448 918 2495 paludosis,
957 2448 1063 2493 regio
1100 2447 1232 2493 alpina
1259 2445 1500 2483 Macedoniae
1532 2445 1733 2490 (Griseb.)‚
1763 2446 1963 2481 Caucasus

279 2498 348 2539 (M.
370 2497 430 2543 B.)
464 2497 571 2544 alpos
604 2495 781 2531 Sikaram
815 2495 929 2531 vallis
962 2495 1110 2531 Kuram
1142 2494 1359 2540 Affghaniae
1391 2496 1455 2533 (ex
1483 2493 1617 2538 Aitch)
1643 2496 1680 2529 et
1708 2492 1816 2539 prob.
1853 2492 1961 2528 alibi.

279 2545 390 2591 Saepe
417 2555 504 2580 cum
530 2543 566 2581 C.
586 2543 777 2590 cespicosa
798 2543 972 2586 confusa,
999 2542 1072 2578 loci
1092 2541 1295 2587 utriusque
1312 2541 1507 2577 interdum
1531 2540 1658 2576 dubii.

326 2611 387 2646 Ar.
405 2610 535 2655 Geoqr.
558 2608 713 2654 Europa
732 2607 899 2643 borealis
920 2610 956 2643 et
975 2606 1101 2642 media
1117 2605 1162 2641 ad
1185 2606 1417 2652 Hispaniam
1439 2604 1765 2650 Lusitaniamque
1786 2603 1966 2639 boreales

280 2661 317 2694 et
334 2658 484 2693 Italiam
506 2654 852 2701 septentrionalem
879 2664 1014 2701 usque,
1041 2654 1134 2689 Asia
1160 2653 1340 2695 borealis,
1361 2653 1543 2689 Amen-ica
1570 2650 1741 2688 borealis
1758 2653 1795 2687 et
1812 2652 1965 2687 autarc—

279 2706 364 2751 tica,
391 2705 506 2741 Nova
527 2702 753 2739 Hollandia..

395 2812 436 2853 4-
466 2812 506 2853 -Ι-
535 2808 700 2844 Utriculi
719 2810 844 2844 rostro
865 2808 952 2854 plus
976 2806 1106 2842 minus
1128 2805 1311 2851 elongato
1338 2804 1483 2852 saepius
1509 2802 1631 2840 bifido
1656 2802 1856 2839 terminati

932 2893 966 2926 ><
997 2886 1189 2933 Stigmata
1209 2885 1314 2922 bina.

335 2991 407 3034 65.
436 2989 492 3035 c.
522 2991 873 3033 mucronata
897 2986 1001 3043 (Au.
1026 2986 1124 3030 ped.
1149 2974 1195 3037 02:
1218 2998 1254 3040 p.
1281 2986 1381 3038 268)
1404 2984 1538 3028 dense.
1563 2983 1789 3038 cespitosa,
1809 2981 1968 3027 culmis
