2062 3314
202 237 250 273 34
964 241 1138 267 ARACEAE
1712 231 1911 270 Bzarurm

263 319 294 372 β
317 316 555 360 Karsaami
591 315 687 359 Sch.
724 315 881 358 Prodr.
907 315 976 356 67.
1015 338 1065 344 -
1095 313 1214 357 Folia
1240 317 1364 357 ovata
1399 338 1458 345 —-
1490 313 1633 356 Arum
1665 315 1912 359 Karsaamc'

206 378 358 421 Rauw.
387 377 497 428 Hod,
520 376 551 427 I,
579 388 620 429 p.
650 375 745 417 115.

252 451 356 486 Hab.
377 461 465 486 cum
483 449 672 484 varietate
693 449 733 484 in
753 448 907 483 Libano
928 447 1086 491 (Bove)‚
1105 447 1208 482 circa
1227 447 1367 482 Beilan
1388 449 1425 482 et
1441 446 1594 494 Aleppo
1618 448 1798 493 (Haussk
1813 452 1840 496 t)
1859 451 1908 487 jn.

207 498 356 533 ditione
378 498 533 533 Kassan
553 496 685 540 Oghlu
714 495 862 530 Ciliciae
887 494 1093 530 orientalis
1112 493 1205 539 (Ky.
1236 493 1307 529 442
1323 496 1364 538 l),
1382 494 1486 530 inter
1503 497 1654 542 Aleppo
1684 499 1721 532 et
1738 497 1892 534 Mossul

208 545 317 590 (Oliv
334 547 371 588 t),
392 545 491 579 inter
509 544 633 589 Sivas⁷
654 544 692 577 et
707 542 836 578 Tokat
849 541 1046 577 Anatoliae
1064 541 1237 585 (narret)
1260 540 1318 576 Fl.
1342 540 1448 586 Sept.
1472 541 1565 577 Dec.

252 607 453 643 Foliorum
472 606 622 641 lamina
640 607 661 641 1
684 604 1004 650 ¹s2-3-pollicaris,
1026 604 1167 650 spatha
1184 603 1487 650 3-4-polliearis.
1513 605 1574 640 Ex
1593 606 1731 642 itinere
1761 606 1896 644 Olive-

202 656 315 691 riano
342 655 485 689 adsunt
523 653 736 699 specimina
768 651 917 687 sterilia
947 652 1053 686 foliis
1090 651 1175 686 basi
1206 652 1454 686 subcordatis
1482 652 1813 699 subauriculatis;
1847 666 1899 691 an

204 703 354 749 speeies
375 702 589 736 distincta?
612 699 668 734 Cl.
691 698 836 744 Engler
855 701 899 734 ut
920 699 1133 734 varietates
1157 697 1202 733 Β.
1224 697 1348 734 Bovez'
1362 698 1593 734 adnumerat
1614 699 1660 735 B.
1676 699 1905 737 Haenseleri

204 753 242 784 et
261 748 308 784 Β.
329 748 469 794 dispar
480 747 635 793 plantas
653 746 892 791 Hispanicas
908 749 945 781 et
957 745 1205 790 Algerienses
1225 755 1313 790 quse
1329 745 1425 780 mihi
1441 746 1582 791 spatha
1599 746 1710 783 brevi
1734 758 1910 795 superne

204 796 376 831 tenuiter
393 795 613 839 angustata,
637 793 794 839 spadice
815 793 1047 828 tenuissima
1067 793 1242 838 specifice
1264 792 1458 827 distinetae
1483 793 1677 829 videntur.

263 905 302 945 7.
336 902 394 944 B.
441 900 835 954 angustatum
872 899 930 954 (J.
968 899 1017 940 D.
1048 897 1221 940 Hooker
1257 897 1353 939 Bot.
1397 898 1501 952 Mag.
1539 899 1623 942 tab.
1665 901 1779 942 6355
1817 903 1908 944 sub

202 961 406 1014 Ischaro)
444 960 597 1002 tubere
628 957 1053 1011 globoso-depresso,
1099 957 1210 999 foliis
1258 957 1404 1010 paucis
1443 958 1903 1011 oblongo-lanceolatis

204 1021 340 1063 acutis
376 1021 419 1062 in
460 1018 666 1072 petiolum
700 1017 867 1060 laminae
896 1018 1189 1070 aequilongum
1225 1027 1421 1059 crassum
1450 1017 1612 1059 sensim
1650 1020 1910 1072 attenuatiS‚.

203 1079 448 1134 pedunculo
477 1076 734 1119 brevissimo
765 1076 929 1129 vaginis
955 1076 1145 1118 breviter
1164 1075 1359 1128 oblongis
1384 1077 1666 1120 acutiusculis
1687 1078 1899 1120 membra-

205 1138 349 1180 naceis
387 1136 569 1189 incluso,
597 1135 761 1189 spatbae
789 1135 893 1177 tubo
928 1134 1068 1177 albido
1102 1133 1285 1187 oblongo
1323 1134 1394 1175 vix
1430 1135 1593 1177 tumido
1623 1137 1666 1178 in
1697 1137 1905 1179 laminam

204 1200 399 1239 saturate
438 1206 704 1250 purpuream
745 1194 846 1235 tubo
872 1194 1200 1247 subaequilatam
1233 1204 1371 1247 eoque
1408 1194 1638 1247 quintuplo
1664 1196 1899 1248 longiorem

203 1255 646 1298 lineari-lorisormem
683 1253 968 1295 acuminatam
1004 1252 1164 1295 sensim
1201 1251 1402 1302 abeunte,
1436 1253 1623 1306 spadicis
1659 1255 1901 1307 appendice

202 1315 438 1367 gracillima
462 1313 696 1366 cylindrica
721 1312 875 1365 spatha
901 1311 1187 1353 subbreviore
1207 1311 1325 1364 apice
1352 1314 1592 1362 attenuata,
1619 1312 1900 1355 inflorescen-

203 1375 261 1415 tia
290 1375 471 1415 feminea
485 1371 894 1425 globoso-depressa
914 1384 935 1411 a
958 1371 1147 1412 mascula
1173 1372 1222 1412 ea
1246 1369 1464 1423 subduplo
1490 1371 1680 1423 longiore
1707 1372 1905 1414 breviter

202 1433 443 1486 cylindrica
478 1431 708 1473 intervallo
746 1432 795 1472 ea
829 1430 1114 1472 subbreviore
1139 1429 1349 1482 sejuncta,
1376 1429 1639 1481 genitalibus
1673 1430 1903 1473 sterilibus

203 1493 350 1546 paucis
375 1490 589 1534 subulatis
611 1490 726 1532 inter
746 1490 867 1531 binas
895 1489 1239 1531 inlloreseentias
1263 1488 1429 1540 sparsis
1455 1492 1513 1533 26.

247 1568 347 1602 Hab.
370 1567 409 1601 in
429 1565 542 1611 Syria
561 1563 809 1599 meridionali
831 1565 915 1598 loco
936 1573 1012 1598 non
1032 1564 1165 1597 notato
1187 1561 1238 1605 [J.
1259 1562 1306 1597 D.
1326 1562 1472 1606 Hook.)
1493 1562 1548 1598 Fl.
1571 1563 1659 1598 Dec.

247 1633 379 1668 Tuber
400 1630 563 1675 magnit.
584 1628 662 1664 Sol.
694 1628 858 1664 tuberosi
876 1627 998 1674 parvi,
1018 1627 1111 1661 tolia
1138 1636 1227 1661 cum
1248 1626 1396 1672 petiolo
1424 1626 1490 1661 8-9
1509 1626 1715 1672 pollicaria
1748 1626 1900 1662 lamina

200 1681 279 1715 fere
300 1677 615 1724 sesquipollieem
636 1676 724 1721 lata,
745 1676 884 1722 spatha
905 1686 973 1710 sex
992 1675 1151 1720 pollices
1178 1673 1294 1718 longa
1328 1673 1475 1708 launna.
1507 1684 1575 1708 sex
1605 1674 1728 1709 lineas
1749 1675 1898 1709 circiter

198 1730 290 1763 lata.
315 1727 421 1761 Inter
440 1734 655 1769 congenera
676 1723 891 1759 orientalia
911 1723 1010 1757 Seet.
1028 1721 1181 1757 Ischari
1199 1721 1304 1756 foliis
1322 1721 1500 1766 angustis
1519 1722 1557 1755 in
1571 1721 1762 1767 petiolum
1782 1720 1900 1767 longe

199 1774 419 1820 angustatis
441 1776 479 1807 et
496 1772 666 1818 spadicis
685 1771 778 1807 tubo
797 1773 1006 1816 angustato
1027 1770 1191 1815 insigne.

256 1882 296 1923 8.
338 1880 392 1921 Β.
429 1877 853 1921 Russelianum
892 1876 1061 1931 (Scliott
1093 1875 1246 1918 Prodr.
1281 1874 1355 1930 63)
1395 1875 1549 1917 tubere
1586 1875 1762 1927 globoso
1797 1875 1896 1918 tolia

201 1941 328 1981 90-30
352 1941 549 1991 elongata
588 1940 770 1990 anguste
806 1937 984 1978 linearia
1021 1935 1238 1978 interdum
1263 1934 1447 1977 obverse
1478 1934 1710 1977 lanceolata
1739 1934 1896 1978 obtusa

197 1999 366 2041 inferne
393 2000 514 2050 longe
539 2000 758 2038 attenuata
783 1996 933 2048 glauca
961 1995 1130 2044 edente,
1155 1993 1398 2046 pedunculo
1419 1994 1500 2036 sub
1530 1994 1699 2035 antliesi
1719 1997 1901 2036 exserto

196 2058 360 2111 spathse
389 2058 490 2100 tubo
514 2056 771 2109 aequilongo‚
796 2054 1077 2108 spatlizetubo
1106 2052 1439 2106 ovato-oblongo
1462 2052 1515 2093 ad
1540 2052 1730 2094 medium
1756 2065 1897 2107 usque

195 2121 375 2159 connato
406 2116 562 2158 lamina
587 2113 1026 2166 oblongo-lanceolata
1062 2113 1176 2154 intus
1203 2115 1524 2165 atropurpurca
1558 2113 1581 2152 2
1615 2110 1759 2163 ¹s2·plo
1795 2111 1894 2154 bre-

196 2177 332 2227 viore,
360 2175 548 2229 spadiCis
575 2174 812 2227 appendice
838 2172 990 2226 spatha
1012 2171 1299 2214 subbreviore
1338 2170 1628 2212 crassiuscule
1652 2170 1894 2222 cylindrica

195 2236 401 2289 utrinque
429 2234 651 2277 attenuata
684 2233 1018 2285 atropurpurea,
1047 2230 1369 2272 inflorescentia
1407 2230 1591 2272 feminea
1628 2229 1891 2282 hemisphae-

194 2294 281 2336 rica
305 2306 434 2347 quam
462 2293 650 2334 mascula
671 2292 863 2333 breviter
886 2290 1120 2343 cylindrica
1146 2289 1347 2331 breviore
1374 2289 1426 2330 ab
1451 2291 1500 2330 ea
1523 2288 1754 2330 intervallo
1776 2301 1894 2330 mas-

194 2354 290 2395 cula
328 2353 455 2406 triplo
498 2351 690 2404 longiore
725 2351 932 2403 sejuncta,
957 2349 1218 2402 genitalibus
1257 2347 1468 2389 abortivis
1507 2348 1677 2391 tertiam
1719 2351 1886 2399 partem

194 2412 412 2454 intervalli
437 2410 748 2464 occupantibus
777 2409 991 2462 congestis
1012 2407 1284 2450 filiforrnibus
1316 2407 1452 2460 longis
1489 2413 1545 2454 26.
1569 2405 1711 2447 Arum
1735 2404 1886 2457 Syria-

191 2482 291 2511 cum
317 2470 446 2513 Russ.
482 2470 637 2524 Alepp.
666 2468 717 2511 11.
747 2469 845 2510 264.
882 2467 978 2521 Spr.
1009 2466 1122 2519 Syst.
1152 2466 1227 2508 ΙΙΙ.
1258 2467 1353 2507 768.
1389 2489 1443 2496 —-
1481 2464 1612 2506 Prob.
1646 2462 1887 2505 Are‘sarum

191 2529 382 2571 Homae'cl
403 2529 551 2571 Rauw.
583 2528 690 2571 Hod.
719 2527 753 2569 Ι.
789 2528 868 2568 115
893 2531 934 2568 et
957 2524 1272 2567 Iscle.H0mae'd
1293 2524 1388 2567 Scb.
1420 2523 1574 2566 Prodr.
1604 2524 1674 2565 70.

190 2630 340 2721 (Οξξειίῗ).
361 2627 731 2712 ἰὲΙειῗῙτίςῑοτιΙοεπθίε
751 2626 800 2662 ad
819 2626 971 2672 Aleppo
991 2625 1116 2670 Syriae
1137 2624 1317 2669 (Haussk
1332 2625 1368 2670 l),
1384 2624 1487 2659 inter
1506 2623 1661 2669 Aleppo
1677 2623 1714 2657 et
1732 2621 1885 2657 Mossul

261 2688 299 2712 tv
315 2705 320 2711 .
348 2704 352 2709 .
423 2705 430 2711 .
491 2686 534 2710 ar
553 2703 560 2710 .

236 2740 349 2776 Folia
365 2741 431 2775 vel
447 2740 533 2776 7-10
553 2739 712 2786 pollices
744 2738 861 2782 longa
891 2737 910 2772 1
935 2735 1021 2780 ¹.‹'2·‘2
1048 2736 1173 2770 lineas
1198 2735 1278 2770 lata
1310 2735 1374 2770 vel
1404 2733 1584 2770 breviora
1614 2742 1782 2778 superne
1817 2732 1884 2766 3--3

188 2788 314 2823 lineas
341 2788 432 2822 lata.
453 2787 554 2822 Inter
588 2789 793 2831 utramque
817 2785 983 2819 sormam
1003 2783 1234 2818 intermedia
1254 2782 1410 2817 adsunt.
1443 2781 1592 2828 Spatha
1620 2780 1687 2814 6-7
1719 2779 1884 2826 pollices

188 2835 318 2880 longa.
338 2835 494 2881 Species
511 2833 614 2868 foliis
635 2832 965 2868 numerosissimis
984 2831 1159 2876 angustis
1181 2830 1362 2874 insignis.

248 2947 290 2987 9.
325 2945 380 2987 Β.
411 2942 885 2987 Alexandrinum
914 2939 1074 2997 (Boiss.
1102 2939 1256 2991 Diagn.
1294 2937 1385 2980 Ser.
1424 2938 1454 2989 Ι,
1490 2938 1538 2979 13
1578 2949 1619 2990 p.
1649 2937 1690 2990 6)
1725 2934 1880 2977 tubere

186 3008 312 3047 ovato
353 3003 447 3049 solia
483 3014 616 3057 pauca
656 3001 834 3044 linearia
867 3002 931 3043 vel
972 2998 1387 3041 lineari-lanceolata
1430 2997 1474 3039 in
1510 2996 1719 3050 petiolum
1754 2994 1880 3046 longe
