2062 3314
288 184 361 222 470
984 191 1209 219 GRAMINEAE
1635 182 1985 220 Anthoaeanthum.

659 348 747 395 TR.
785 347 841 395 V.
884 348 1315 396 PHALARIDEAE
1351 347 1428 396 ΚΠΙ
1459 349 1640 396 Enum.

358 479 542 535 Spiculae
563 491 585 521 a
619 479 754 521 latere
774 491 1036 534 compressae
1072 478 1270 521 unissorae
1306 478 1487 522 flosculo
1514 478 1870 532 hermaphrodito
1897 491 1992 523 cum

298 540 366 582 vel
397 538 561 592 absque
602 537 850 581 rudimento
896 539 1179 581 flosculorum
1228 538 1589 592 incompletorum
1634 538 1888 580 inferiorum
1923 539 1994 581 vel

298 598 482 641 alterius
528 596 786 650 superioris,
815 598 961 639 rarius
994 597 1172 639 trissorae
1214 596 1409 639 flosculis
1444 596 1725 639 inferioribus
1752 597 1992 641 sterilibus.

297 657 467 701 Glumae
487 656 548 706 (in
574 655 758 708 nostris)
785 656 1062 710 subaequales
1085 655 1247 710 saepius
1269 656 1757 708 compresso-carinatae.
1782 655 1997 699 Glumella

298 716 521 758 fructifera
545 715 704 768 saepius
731 714 948 757 indurata.
984 714 1134 768 Stylus
1168 715 1339 767 longus.
1371 713 1577 768 Stigmata
1609 716 1806 769 elongata
1841 727 1998 758 versus

299 775 461 829 apicem
487 773 666 828 spiculae.
685 774 964 827 emergentia.

777 931 1191 981 ANTfloxANTflUM
1227 932 1287 994 (L.
1321 931 1419 980 Gen.
1454 931 1546 994 42).

363 1066 548 1120 Spiculae
593 1065 772 1108 trissorae
815 1065 1006 1108 flosculis
1044 1064 1159 1107 binis
1195 1064 1477 1108 inferioribus
1511 1065 1737 1108 sterilibus
1785 1065 2002 1109 terminali

304 1125 672 1180 hermaphrodilo.
701 1122 1001 1174 Glumaebinze
1030 1124 1266 1177 inaequales
1295 1123 1476 1166 inferior
1500 1124 1676 1167 dimidio
1705 1125 1882 1167 brevior
1910 1125 2004 1167 uni-

306 1184 470 1234 nervis
498 1183 701 1237 superior
728 1183 936 1225 trinervis
970 1183 1173 1225 flosculos
1200 1195 1394 1237 aequans.
1428 1182 1486 1225 Fl.
1523 1185 1627 1225 ster.
1672 1183 1799 1225 Palea
1837 1184 2005 1227 hirsuta

307 1244 498 1286 carinata
538 1242 731 1284 binervis
770 1242 890 1295 apice
930 1241 1063 1284 bifida
1099 1242 1228 1284 dorso
1258 1241 1392 1284 arista
1434 1244 1628 1285 contorta
1677 1243 1903 1285 instructa.
1940 1242 2003 1285 Εἰ.

307 1303 445 1344 herm.
474 1300 685 1344 Glumella
719 1301 869 1355 glabra
903 1313 989 1343 non
1022 1300 1199 1343 aristata
1231 1301 1503 1344 subrotunda
1538 1301 1707 1355 paleam
1730 1301 2004 1345 uninerviam

309 1363 554 1404 involvens.
598 1359 848 1413 Squamnlae
894 1359 1038 1402 nullze.
1083 1358 1275 1402 Stamina
1324 1360 1440 1409 bina,
1478 1360 1580 1413 styli
1626 1361 1757 1413 longi,
1808 1362 2006 1414 stigmata

308 1420 525 1463 filiformia
549 1419 684 1473 pilosa
714 1431 765 1460 ex
790 1418 909 1472 apice
933 1419 1111 1473 spiculae
1132 1419 1407 1470 emergentia.
1435 1418 1669 1472 Caryopsis
1693 1420 1876 1472 oblonga
1904 1420 2007 1462 sub-

308 1490 559 1532 compressa
597 1478 811 1530 stylorum
853 1478 942 1518 basi
971 1477 1182 1531 apiculata
1218 1478 1271 1520 ad
1312 1478 1434 1520 basin
1476 1478 1643 1520 ventris
1679 1478 1844 1521 macula
1882 1479 2005 1521 hilari

311 1537 588 1593 punctiformi
608 1539 752 1578 notata
783 1537 897 1578 intra
914 1536 1140 1589 glumellas
1156 1536 1330 1579 demum
1347 1537 1561 1579 coriaceus
1576 1537 1743 1580 inclusa
1760 1537 1836 1580 sed
1861 1537 2007 1580 libera.

312 1622 364 1629 --
382 1596 539 1639 Herbae
568 1595 769 1650 panicula
793 1595 1031 1649 spiciformi
1057 1596 1235 1638 donatae.

370 1709 408 1751 1.
434 1708 494 1753 Α.
518 1706 835 1751 odoratum
851 1708 919 1763 (L.
945 1708 1017 1762 Sp.
1037 1708 1109 1759 40)
1137 1719 1328 1761 perenne
1352 1708 1637 1762 cespstosum,
1671 1708 1814 1752 radice
1836 1708 2008 1759 fibroszt,

312 1767 466 1811 culmis
490 1766 695 1810 tenuibus
718 1768 874 1810 erectis
901 1769 964 1809 vel
994 1766 1345 1816 ascendentibus,
1370 1767 1481 1810 foliis
1503 1767 1664 1820 glabris
1698 1768 1765 1809 vel
1794 1768 2009 1810 villosulis

312 1827 366 1870 ad
408 1827 551 1880 ligulae
583 1828 727 1868 ortum
768 1825 937 1876 cibatis,
962 1826 1162 1879 panicula
1203 1826 1439 1879 spiciformi
1467 1826 1913 1881 oblongo-cylindrica
1945 1827 2009 1869 vel

312 1888 438 1929 ovata
466 1885 760 1932 densiuscula,
778 1886 935 1938 glumis
952 1885 1199 1928 lanceolatis
1223 1885 1460 1938 cuspidatis
1476 1886 1797 1938 glabriusculis,
1816 1887 2010 1928 flosculis

313 1945 538 1988 sterilibus
572 1945 717 1997 gluma
744 1944 952 1986 interiore
991 1944 1369 1995 subbrevioribus‚
1398 1944 1617 1987 inferioris
1650 1945 1783 1987 arista
1821 1945 2009 1997 glumam

312 2004 567 2046 interiorem
595 2006 793 2058 aequante
826 2004 889 2046 vel
918 2003 1209 2056 sublongiore,
1241 2003 1422 2046 flosculo
1459 2003 1589 2045 fertili
1623 2003 1847 2046 sterilibus
1885 2004 2012 2057 paulo

313 2063 514 2164 ss'rgvffe
563 2063 624 2108 Q.
668 2062 776 2104 Host
802 2061 947 2104 Gram.
974 2062 1058 2104 tab.
1101 2063 1139 2104 ὅ.
1170 2087 1224 2091 -—
1256 2061 1370 2104 Nees
1409 2061 1518 2104 Gen.
1548 2061 1695 2105 Germ.
1720 2063 1777 2104 Ic.
1805 2086 1858 2092 —
1889 2063 2010 2106 Trin.

336 2136 358 2165 a
393 2155 402 2163 .
489 2153 495 2161 .

363 2197 466 2233 Hal).
490 2198 529 2232 in
549 2197 726 2232 herbidis
754 2197 927 2241 regionis
948 2196 1143 2232 inferioris
1165 2197 1205 2231 in
1239 2196 1420 2242 partibus
1449 2197 1825 2242 septentrionalibus
1855 2197 2014 2232 ditionis

317 2247 436 2290 atque
456 2247 651 2280 montanae
675 2246 712 2278 et
731 2244 872 2289 alpinae
890 2245 929 2278 in
951 2243 1207 2287 australibus,
1223 2244 1374 2279 Graecia
1393 2244 1430 2278 in
1446 2243 1649 2279 montibus
1667 2244 1825 2279 Malevo
1843 2243 2014 2291 (Orphi),

316 2293 467 2327 Parnes
489 2294 525 2326 et
539 2291 751 2336 Hymettus
774 2291 963 2336 (Heldrl)‚
983 2291 1216 2326 Macedonia
1239 2293 1277 2326 et
1293 2290 1482 2336 Bithynia
1499 2290 1685 2337 (Griseb.‚
1699 2291 1793 2327 Friv
1809 2293 1849 2337 l),
1866 2292 2014 2337 Byzan-

314 2339 412 2374 tium
439 2338 666 2383 (Barheyl),
701 2337 926 2382 Zacynthus
958 2338 1141 2383 (Μητρὶ),
1178 2338 1368 2382 Mitylene
1396 2339 1555 2384 (Posti),
1589 2338 1738 2373 Pontus
1771 2338 1935 2374 Lazicus
1965 2336 2014 2372 ad

318 2385 458 2431 Diimil
479 2386 582 2421 6000·
612 2385 754 2429 (Ball),
780 2385 981 2420 Caucasus
1000 2385 1229 2421 5000’-8500‘
1252 2386 1319 2429 (ex
1346 2385 1470 2430 Led),
1496 2388 1534 2420 et
1561 2386 1602 2420 in
1631 2386 1806 2421 Caucaso
1836 2383 2016 2421 orientali

317 2433 367 2468 ad
389 2432 515 2469 10000’
537 2443 662 2478 usque
685 2432 866 2478 (Ruprh,
887 2433 1209 2467 Transcaucasiae
1230 2435 1385 2467 montes
1407 2431 1577 2477 (Szovl).

365 2498 426 2532 Ar.
447 2497 578 2542 Geoqr.
599 2496 758 2542 Europa
778 2496 856 2531 fere
877 2498 960 2531 tota
977 2496 1043 2531 sed
1063 2498 1101 2531 in
1125 2496 1427 2531 australiorihus
1449 2498 1602 2531 tantum
1618 2498 1862 2541 montanum,
1875 2495 2018 2531 Sihiria

319 2546 363 2595 et¹
378 2544 572 2586 Dahuria,
594 2543 726 2579 Africa
747 2543 929 2588 borealis,
948 2543 1089 2578 insulae
1108 2544 1380 2585 Canarienses‚
1399 2544 1571 2579 Azoricae
1590 2546 1628 2579 et
1650 2543 1823 2579 Madera.

381 2645 419 2687 2.
443 2645 505 2688 A.
530 2645 754 2700 gracile
779 2645 889 2696 (Biv.
917 2644 1050 2698 Stirp.
1076 2657 1158 2686 rar.
1184 2645 1214 2695 I,
1253 2658 1293 2699 p.
1322 2646 1364 2695 2,
1395 2644 1478 2686 tab.
1511 2645 1554 2698 1)
1582 2657 1796 2698 annuum,
1822 2643 2018 2687 caulibus

319 2704 659 2747 ascendentibus
685 2704 878 2757 pumilis‚
918 2704 1028 2746 soliis
1064 2704 1218 2746 ciliatis
1257 2704 1513 2751 latiusculis,
1540 2704 1738 2757 panicula
1782 2701 2018 2758 spiciformi

310 2763 655 2816 ovato-oblonga
698 2763 937 2806 laxiuscula
972 2763 1327 2817 pauc-ispiculata,
1372 2763 1530 2816 glumis
1575 2764 1824 2805 lanceolatis
1863 2762 2020 2805 acumi-

323 2821 438 2864 natis
477 2822 638 2875 glabris
678 2823 747 2865 vel
782 2834 909 2876 parce
942 2822 1129 2870 hirtulis‚
1158 2822 1352 2864 ssosculis
1387 2821 1610 2864 sterilibus
1640 2822 1786 2874 gl-uma
1813 2821 2018 2864 interiore

324 2881 704 2931 subbrevioribus‚
737 2881 955 2923 inferioris
997 2880 1129 2923 arista
1170 2881 1328 2933 glumis
1370 2881 1443 2922 2-2
1486 2880 1533 2934 ¹s2
1561 2881 1629 2933 plo
1673 2880 1864 2933 longiore
1898 2880 2019 2930 longe

323 2941 515 2991 exserta,
541 2939 719 2983 flosculo
743 2940 872 2982 fertili
897 2940 1120 2982 sterilibus
1144 2940 1273 2993 triplo
1297 2939 1497 2982 breviore
1519 2943 1586 2990 Θ.
1617 2939 1737 2981 Trin.
1765 2938 1824 2983 Ic.
1852 2939 1934 2982 tab.
1953 2938 2017 2980 13.
