2062 3314
200 197 279 236 266
965 207 1167 235 umacus
1738 199 1909 237 Allium.

206 279 607 335 nulato-cylindrici
650 280 809 335 phyllis
839 280 1287 337 oblongo-linearibus
1310 281 1627 326 obtusiusculis
1652 284 1719 327 vel
1748 285 1913 328 retusis

207 342 329 396 apice
356 336 621 384 subreflexis
646 339 784 383 dilute
808 341 949 384 roseis
976 342 1124 386 carina
1147 342 1426 394 saturatiore,
1450 341 1685 385 filamentis
1707 343 1793 385 ima
1820 343 1912 386 basi

205 400 322 444 inter
346 410 394 442 se
421 402 465 442 et
481 410 578 442 cum
604 398 828 453 perigonio
848 400 1015 444 coalitis
1033 401 1250 456 aequilatis
1267 414 1291 443 a
1313 400 1406 443 basi
1430 401 1665 444 lanceolata
1690 402 1914 446 subulato·

207 459 452 503 attenuatis
478 457 703 512 perigonio
727 458 857 502 tertia
880 463 1004 514 parte
1030 459 1309 504 brevioribus
1341 461 1401 507 Ql.
1434 460 1488 502 A.
1514 458 1786 503 moechatum
1806 462 1913 505 Urv.

205 518 365 562 Enum.
397 530 436 571 p.
467 517 536 559 37.
559 540 615 548 —
632 517 683 559 A.
710 516 1090 571 hirtovaqinatum
1113 519 1197 562 ΚΦ.
1218 519 1358 562 Enum
1375 531 1416 573 p.
1435 518 1620 567 ΝΛΜ.
1642 543 1701 549 -
1723 519 1775 562 Α.
1797 519 1913 563 Pz'si-

207 576 360 620 dicum
386 577 532 620 Boiss.
561 579 605 619 et
629 575 782 620 Heldr.
812 577 915 621 Mss.
939 601 1000 610 —
1020 579 1074 623 A.
1099 579 1360 632 vayz'natum
1381 578 1536 622 Pancic
1559 577 1622 621 Pl.
1651 590 1744 622 exs.

252 651 355 687 Hab.
375 651 416 687 in
445 650 616 687 collibus
644 650 776 698 siccis„
797 652 989 699 lapidosis
1024 653 1194 699 regionis
1226 652 1422 689 inferioris
1458 654 1658 688 montanae
1693 655 1728 688 et
1762 653 1917 700 alpinae,

211 698 316 735 circa
335 698 512 734 Athenas
555 697 707 742 (Heldr.
735 697 853 735 Herb.
885 699 1021 736 Norm.
1057 700 1180 745 7531),
1224 700 1273 735 ad
1292 700 1622 736 Acrocorinthum
1652 699 1844 746 (Heldrl),
1875 701 1915 736 in

209 748 346 782 monte
372 746 532 782 Malevo
552 745 735 782 Laconiae
756 745 882 793 (Orph
898 748 926 793 t)
941 747 981 783 in
1000 747 1203 784 montibus
1220 746 1374 784 Davros
1400 750 1437 784 et
1455 747 1616 783 Stavros
1637 746 1794 783 Pisidiae
1813 748 1916 785 6000'

207 793 550 840 (Heldrl)‚tCypri
563 795 718 829 montes
734 793 849 838 (Sint.
877 797 914 830 et
932 794 1031 841 Rigo
1045 797 1085 840 l).

255 857 319 893 Ar.
342 856 478 903 Geoqr.
503 856 651 902 Sicilia,
669 855 841 903 Algeria,
861 857 1009 894 Serbia.

266 956 339 999 88.
386 955 448 1000 A.
487 954 873 1011 callidictyon
908 956 977 1013 (C.
1022 959 1072 1001 A.
1112 957 1221 1013 Mey.
1258 958 1300 1001 in
1338 958 1432 1002 ΚΜ.
1464 958 1604 1001 Enum
1634 957 1706 1009 IV,
1735 970 1774 1012 p.
1808 959 1916 1013 413)

204 1014 328 1058 bulbi
355 1015 641 1058 ovato-conici
682 1016 838 1060 tunicis
867 1017 1002 1061 dense
1039 1017 1480 1069 reticulato-fibrosis,
1510 1030 1638 1072 scapo
1661 1017 1914 1061 ascendenti

206 1074 337 1117 tereti
375 1074 564 1128 rigiduto
604 1086 744 1130 usque
782 1075 835 1118 ad
872 1076 1043 1119 tertiam
1066 1077 1135 1120 vel
1179 1077 1399 1119 dimidiam
1439 1081 1604 1132 partem
1639 1076 1783 1119 foliato
1818 1076 1917 1120 solia

205 1132 423 1176 fililormia
459 1134 725 1177 semiteretia
754 1147 887 1188 supra
921 1135 1199 1178 canaliculata
1226 1136 1375 1179 brevia
1403 1136 1456 1178 ad
1491 1136 1672 1190 vaginas
1700 1135 1914 1189 pubet-ula

206 1192 383 1236 tandem
423 1193 619 1246 glabrata
659 1199 915 1247 superante,
954 1196 1119 1249 spatbae
1158 1196 1296 1239 valvis
1339 1195 1451 1238 binis
1486 1208 1509 1238 a
1546 1195 1636 1238 basi
1674 1196 1799 1237 ovata
1847 1195 1912 1238 vel

208 1251 393 1305 oblonga
428 1253 624 1295 breviter
655 1253 850 1297 caudatis
875 1266 974 1297 mox
1004 1254 1259 1308 ruptilibus,
1288 1255 1489 1299 umbellae
1517 1254 1767 1310 paucissorae
1796 1254 1916 1297 fasti-

207 1311 335 1364 giatae
363 1311 588 1365 pedicellis
613 1312 904 1367 inaequalibus
942 1313 1033 1356 basi
1063 1314 1337 1358 bracteolatis
1378 1315 1487 1357 flore
1522 1315 1691 1368 3-5-plo
1717 1313 1918 1367 longiori-

209 1370 309 1421 bus,
351 1371 561 1425 perigonii
595 1372 740 1414 carnei
771 1372 1063 1426 campanuiati
1100 1372 1258 1427 phyllis
1296 1373 1756 1427 oblongo-lanceolatis
1795 1372 1916 1426 apice

208 1430 445 1472 attenuatis
468 1429 653 1482 obtusis,
676 1431 913 1474 filamentis
948 1431 1040 1473 basi
1067 1431 1243 1476 dilatata
1276 1433 1391 1475 inter
1418 1444 1463 1476 se
1487 1436 1528 1474 et
1555 1444 1651 1475 curn
1690 1431 1914 1486 perigonio

205 1489 406 1588 cognatis
449 1488 697 1533 alternatim
738 1491 1069 1545 angustioribus
1107 1492 1331 1546 perigonio
1372 1493 1528 1546 quarta
1572 1494 1697 1546 parte
1746 1490 1919 1534 brevio-

212 1547 250 1589 ri
289 1560 339 1590 us
376 1549 438 1595 Ql.

256 1620 358 1656 Hah.
380 1621 419 1656 in
449 1622 610 1667 regione
643 1622 856 1670 subalpina
881 1623 1027 1660 montis
1054 1623 1278 1660 Aslandach
1306 1624 1569 1671 Cappadociae
1591 1623 1693 1668 (Bal.
1722 1633 1802 1659 exs.
1841 1622 1914 1658 sub

209 1668 258 1704 A.
280 1667 436 1714 Cupam'
451 1671 490 1713 l),
512 1670 658 1706 montis
677 1670 906 1717 Berytdagh
925 1673 1122 1708 Cataoniae
1141 1672 1247 1709 9000’
1267 1672 1496 1718 (Hausskn,
1515 1673 1557 1708 in
1579 1670 1769 1718 lapidosis
1803 1680 1915 1717 prov.

210 1715 461 1762 AderbidJan
475 1716 621 1752 Persiae
642 1718 744 1753 circa
765 1718 871 1754 Kho'i
898 1718 1070 1765 (Szovl).

255 1780 380 1816 Valde
398 1780 518 1816 affine
542 1782 590 1817 A.
627 1781 788 1830 Cupanz'
811 1783 896 1818 Raf.
925 1793 1092 1830 quocum
1114 1794 1138 1819 a
1163 1783 1210 1819 cl.
1237 1784 1326 1830 Gay
1344 1784 1594 1830 conjungitur
1626 1782 1691 1818 sed
1727 1781 1772 1817 cl.
1795 1781 1918 1827 Rege}

209 1829 312 1864 recte
330 1828 673 1865 animadvertente
691 1833 794 1865 certe
813 1830 943 1866 differt
960 1831 1100 1878 spatha
1119 1831 1231 1867 brevi
1262 1831 1414 1868 bivalvi
1444 1841 1516 1867 nec
1549 1830 1728 1867 univalvi
1766 1828 1912 1864 lacero-

210 1874 377 1912 decidua
397 1885 468 1911 nec
488 1878 734 1923 persistente,
752 1877 1046 1925 filamentisque
1065 1878 1316 1926 inaequilatis.

269 1978 341 2020 89.
384 1979 443 2023 A.
478 1976 867 2034 Sindjarense
906 1979 1071 2035 (Boiss.
1098 1983 1140 2023 et
1163 1980 1350 2023 Haussk.
1386 1981 1428 2022 in
1456 1979 1639 2022 Haussk.
1666 1990 1755 2021 exs.
1788 1977 1916 2031 1867>

208 2036 327 2079 bulbi
366 2037 688 2092 ovato-oblongi
742 2039 887 2081 bulbis
935 2040 1069 2083 dense
1125 2039 1564 2088 reticulato-fibrosis‚
1603 2049 1732 2092 scapo
1776 2041 1918 2079 erecto

210 2095 338 2140 firmo
365 2101 487 2151 parte
510 2097 716 2140 inferiore
741 2098 895 2141 folioso
919 2099 1016 2141 folia
1043 2099 1258 2142 filisormia
1286 2098 1550 2142 semiteretia
1576 2109 1767 2150 superne
1792 2107 1916 2138 cana-

210 2154 387 2200 liculata
417 2157 568 2200 brevia
597 2158 781 2200 multum
816 2162 1067 2212 superante,
1098 2158 1265 2211 vaginis
1289 2158 1482 2201 breviter
1511 2156 1727 2211 pilosuiis‚
1752 2155 1917 2209 spathze

210 2215 553 2259 membranaceae
579 2216 716 2259 valvis
745 2216 859 2260 binis
889 2217 1137 2260 lanceolatis
1157 2217 1281 2270 longe
1309 2217 1503 2261 caudatis
1529 2214 1704 2259 reflexis
1733 2213 1916 2256 umbella

210 2273 503 2319 brevioribus.
536 2274 736 2318 utnbellae
760 2276 1099 2330 hemisphaericae
1125 2276 1347 2331 pedicellis
1376 2274 1612 2330 purpureis
1640 2273 1918 2327 subinaequa-

208 2332 327 2378 libus
355 2335 463 2377 flore
491 2334 660 2388 4-5-plo
688 2335 971 2388 longioribus,
1001 2336 1210 2389 perigenii
1239 2336 1409 2378 intense
1438 2333 1648 2389 purpurei
1683 2344 1916 2386 campanu-

209 2391 283 2436 lati
328 2394 490 2448 phyllis
523 2393 980 2447 oblongo-lanceolatis
1021 2395 1278 2438 acuminatis
1319 2393 1647 2445 obtusiusculis,
1682 2391 1916 2434 filamentis

210 2452 435 2506 perigonio
474 2456 629 2506 quarta
655 2458 777 2506 parte
804 2454 1080 2497 brevioribus
1106 2466 1128 2496 a
1155 2454 1246 2497 basi
1273 2454 1447 2497 dilatata
1471 2454 1653 2497 connata
1685 2449 1918 2493 attenuatis

206 2511 457 2554 alternatim
487 2513 817 2565 angustioribus
848 2514 912 2559 Qt.

259 2585 362 2620 Hab.
380 2586 420 2621 in
438 2585 648 2631 uliginosis
669 2585 783 2622 salsis
804 2586 1100 2634 Mesopotamiae
1119 2587 1220 2623 inter
1237 2587 1396 2632 SindJar
1411 2590 1448 2622 et
1466 2585 1555 2622 Tell
1573 2585 1667 2620 Atat
1685 2581 1865 2628 (Haussk
1878 2584 1919 2627 t),

211 2633 416 2679 specimen
436 2633 719 2680 incompletum
735 2644 783 2670 ex
804 2634 989 2680 Palmyra
1011 2634 1086 2680 (Bl.
1108 2645 1187 2670 exs.
1207 2634 1328 2679 4009’)
1353 2635 1429 2670 huc
1459 2636 1631 2681 spectare
1651 2632 1818 2667 videtur.

212 2742 238 2778 Γ
260 2695 416 2778 Peldale‚
436 2696 554 2732 facies
568 2697 731 2734 omnino
751 2698 800 2733 A.
822 2697 960 2735 rubeta·
980 2697 1047 2734 sed
1069 2699 1212 2734 tunicae
1234 2698 1530 2741 diversissimae,
1551 2694 1801 2743 perigonium
1829 2692 1851 2728 2
1874 2692 1918 2736 ¹1³¹

230 2752 281 2778 in.
321 2753 483 2789 ongum.

273 2854 342 2894 90.
367 2851 430 2896 A.
454 2852 879 2898 Stocksianum
908 2855 1074 2903 (Boiss.
1105 2855 1259 2908 Diagn.
1297 2855 1389 2898 Ser.
1418 2854 1471 2905 II,
1500 2855 1539 2895 4.
1571 2866 1614 2908 p.
1658 2850 1760 2895 117]
1798 2848 1914 2891 bulbi

212 2912 386 2966 oblongi
421 2913 578 2955 tunicis
625 2913 760 2956 dense
804 2915 1008 2968 parallele
1047 2917 1088 2957 et
1137 2914 1483 2957 subreliculatim
1529 2908 1919 2955 rufescenti-libro-

213 2972 291 3024 sis,
318 2984 446 3027 scapo
486 2984 598 3015 nano
637 2973 806 3017 inferne
838 2974 1037 3027 vaginato
1081 2976 1122 3016 et
1147 2974 1221 3015 3-4
1251 2973 1412 3028 phyllo,
1454 2971 1565 3014 foliis
1595 2966 1920 3013 semiteretibus
