2089 3246
82 203 273 240 Muscari.
828 213 1026 240 LILIACEAE
1709 209 1777 246 291

80 288 290 330 diametro
317 299 397 330 suo
426 287 448 328 :2
477 285 619 339 ¹l2-plo
645 287 850 341 longiore,
877 288 1053 342 capsula
1080 288 1285 343 (juniore)
1326 290 1534 342 pedicello
1563 292 1776 336 crassius-

79 347 175 390 culo
202 347 252 388 ea
277 345 494 388 multoties
525 345 717 398 longiore
744 347 921 389 suffulta
947 347 1320 401 oblongo-trigona
1353 351 1475 390 acuta
1510 350 1569 396 91..

126 420 228 457 Hah.
244 421 283 456 in
299 420 414 455 cultis
434 419 570 456 Judeae
591 422 629 456 et
648 421 819 467 regionis
843 421 1042 458 Philisteae
1074 422 1173 458 circa
1201 422 1306 458 Gaza
1332 422 1466 461 (Boiss
1482 426 1518 467 t),
1549 425 1590 460 iu
1622 425 1775 461 deserto

79 467 374 514 Mesopotamiae
392 476 512 513 prope
534 467 614 503 Ras
633 467 669 502 el
685 469 759 504 Ain
778 468 957 512 (Haussk
970 471 1010 515 l),
1029 470 1068 504 in
1089 478 1200 516 prov.
1221 469 1463 516 Aderbidjan
1478 472 1620 507 Persice
1639 472 1775 509 borea-

78 515 125 551 lis
146 525 263 562 prope
282 514 516 559 Seidkhodji
540 514 674 557 (Szov.
696 515 766 552 200
783 518 818 560 t).

123 578 280 625 Species
304 578 469 623 insignis
504 577 791 615 intlorescentizi
810 578 906 616 Bell.
924 579 1069 616 cc'le‘atce
1088 580 1127 614 et
1140 579 1304 615 floribus
1327 579 1516 625 Muscari,
1535 582 1685 627 pedalis
1706 583 1769 618 vel

75 626 278 672 procerior,
303 625 396 660 solia
417 623 503 660 4-10
522 623 647 660 lineas
666 627 756 672 lata,
777 636 955 662 racemus
982 627 1155 662 fructifer
1176 626 1239 661 4-6
1260 626 1422 673 pollices
1444 629 1583 673 longus
1605 632 1642 664 et
1668 630 1771 666 latus

76 673 274 719 pedicellis
294 672 545 708 inferioribus
563 670 629 707 2-2
651 675 691 717 ’χί
714 673 875 720 pollices
902 674 1042 720 longis,
1063 673 1314 720 perigonium
1336 676 1411 710 tres
1442 674 1568 711 lineas
1599 676 1773 723 longum.

765 802 774 812 '
804 802 814 811 '
846 799 1069 836 Brevissora.

131 911 172 953 9.
208 910 278 953 M.
315 919 623 953 comosum
665 909 790 965 (Mill.
831 910 947 953 Diet.
988 909 1034 965 2)
1062 910 1172 953 foliis
1209 911 1447 954 linearibus
1475 913 1772 957 canaliculatis

71 968 484 1025 erecto-patentibus
496 981 674 1022 scapum
694 970 853 1012 elatum
873 969 1145 1024 aequantibus
1168 971 1231 1012 vel
1254 972 1580 1024 superantibus,
1601 984 1771 1015 racemo

72 1028 437 1082 elongato—comeo
471 1028 641 1070 tandem
679 1028 953 1082 cylindraceo
989 1029 1242 1081 laxiusculo‚
1268 1030 1491 1083 pedicellis
1525 1031 1771 1074 horizonta-

73 1087 170 1130 liter
210 1087 456 1142 patentibus
497 1087 716 1141 perigonio
749 1088 881 1130 fertili
929 1088 1059 1132 livide
1092 1089 1292 1131 brunneo
1328 1089 1420 1131 basi
1457 1089 1765 1134 sobattenuato

71 1158 261 1203 superne
286 1147 671 1200 subcampannlato
700 1147 910 1190 diametro
934 1159 1013 1190 suo
1038 1147 1170 1201 duplo
1200 1148 1392 1201 longiore
1413 1148 1767 1203 subsequilongisv

69 1207 187 1249 coma
215 1206 372 1248 florum
402 1206 699 1249 abortivorum
724 1206 847 1249 brevi
878 1206 1312 1261 corymboso-efsusa,
1335 1208 1555 1261 pedicellis
1578 1210 1768 1252 arcuatis

69 1264 173 1308 flore
199 1266 364 1308 minuto
388 1265 576 1308 violaceo
612 1265 988 1319 elliptico-clavato
1021 1266 1187 1321 3-4-plo
1228 1267 1498 1320 longioribus
1532 1269 1594 1314 Qt.
1629 1267 1766 1311 Rchb.

69 1323 216 1367 Germ.
245 1326 313 1378 ssg.
350 1325 471 1366 1001.
495 1349 548 1354 —
573 1324 812 1376 Leopoldia
834 1337 1006 1367 comosa
1040 1324 1200 1368 Parlat.

116 1400 216 1436 Hah.
232 1400 271 1435 in
291 1399 406 1436 cultis
433 1400 512 1436 fere
534 1400 654 1436 totius
672 1400 836 1436 ditionis
855 1410 878 1435 a
898 1400 1072 1437 Graecia!
1090 1403 1127 1437 et
1146 1401 1315 1437 Thracia
1332 1401 1527 1447 (Griseb.)
1548 1402 1597 1437 ad
1617 1402 1766 1438 Cauca-

67 1457 153 1483 sum
179 1451 216 1484 et
232 1448 581 1483 Transcaucasiam
600 1447 795 1493 (Ledeb.]‚
818 1448 1058 1490 Anatoliam,
1078 1448 1258 1495 Cyprum
1279 1449 1374 1495 (Ky.
1394 1449 1465 1485 802
1482 1451 1523 1495 1),
1544 1450 1702 1495 Syriam
1717 1450 1765 1486 ad

67 1495 218 1542 Aleppo
246 1494 475 1539 (Hausskz),
499 1495 827 1542 Mesopotamiam
848 1495 1029 1540 (Haussk
1045 1498 1087 1542 t).

114 1559 176 1594 Ar.
194 1559 329 1604 Geoqr.
355 1557 460 1594 Euro
491 1568 512 1594 a
538 1560 623 1594 tota¹
653 1559 782 1594 media
801 1561 838 1595 et
859 1559 1043 1595 australis
1064 1569 1087 1594 a
1109 1558 1247 1606 Belgio
1277 1561 1314 1595 et
1332 1559 1548 1595 Germania
1566 1560 1698 1596 media
1715 1561 1765 1597 ad

66 1606 264 1652 regionem
285 1605 464 1642 Danubia
485 1616 544 1642 em
564 1608 600 1641 et
620 1606 801 1642 Bossiam
823 1606 1133 1654 meridionalem,
1155 1607 1287 1642 Africa
1305 1606 1488 1643 borealis.

128 1728 193 1770 10.
223 1727 290 1770 Μ.
315 1726 869 1771 Pharmacusanum
904 1726 1075 1782 (Heldr.
1113 1728 1138 1769 Ι.
1167 1727 1237 1771 cit.
1269 1740 1309 1782 p.
1339 1728 1376 1780 2,
1403 1727 1486 1770 sub
1510 1727 1761 1782 Leopoldici)

63 1787 173 1830 soliis
209 1788 293 1830 late
331 1787 570 1830 linearibus
609 1788 1029 1842 erecto-patentibus
1066 1798 1245 1840 scapum
1287 1788 1448 1830 elatum
1486 1787 1762 1841 aequantibus

65 1847 130 1889 vel
164 1846 575 1901 subsuperantibus.
605 1859 774 1889 racemo
811 1846 1047 1889 densissoro
1080 1846 1227 1890 conice
1262 1847 1434 1889 tandem
1471 1846 1761 1901 cylindraceo,

65 1905 281 1959 pedirellis
317 1905 655 1948 horizontalibns
694 1906 801 1948 ssore
843 1905 1140 1957 brevioribus,
1191 1905 1374 1949 floribus
1411 1906 1623 1949 abortivis
1666 1907 1761 1949 laxe

63 1965 236 2018 spientis
271 1965 503 2008 turbinatis
539 1965 761 2018 pediccllis
784 1965 848 2008 eis
872 1966 1037 2019 2-3-pto
1066 1965 1335 2019 longioribus
1360 1965 1569 2016 suffulti&
1590 1965 1760 2019 perige-

62 2024 130 2066 nio
156 2025 282 2067 fertili
313 2026 454 2078 amplo
479 2024 749 2078 cylindraeeo
780 2024 870 2067 basi
906 2028 1104 2068 truncato
1130 2029 1173 2066 et
1202 2024 1273 2066 vix
1297 2027 1520 2067 attenuato
1546 2024 1759 2067 diametro

62 2095 139 2127 suo
169 2085 192 2125 Ξ
219 2085 362 2138 1,·ι-ρΙο
398 2085 588 2138 longiore
621 2085 683 2130 fii,

108 2156 210 2192 Hah.
243 2158 279 2193 in
302 2157 441 2193 insulis
460 2157 738 2193 Pharmacusis
756 2157 839 2193 freti
861 2157 1072 2193 Salaminii
1094 2157 1235 2194 Atticm
1253 2156 1398 2201 (Heldr
1415 2159 1453 2202 l).

107 2220 306 2256 Humilius
328 2220 379 2256 M.
398 2231 550 2257 comeso
572 2224 607 2256 et
636 2221 775 2257 (Jr'roeeo
794 2221 937 2268 quibus
960 2221 1084 2265 affine,
1114 2222 1209 2257 solia
1236 2220 1300 2256 6-9
1328 2220 1452 2255 linens
1487 2222 1579 2265 lata,
1599 2221 1758 2267 perigo-

62 2267 166 2303 nium
186 2278 230 2304 eo
262 2268 312 2303 M.
338 2269 485 2304 comesi
514 2270 695 2315 amplius,
724 2270 836 2305 liores
867 2268 1019 2304 steriles
1055 2269 1256 2305 breviores
1291 2268 1481 2304 turbinati
1517 2271 1554 2304 et
1592 2268 1753 2304 brevius

61 2314 287 2361 pedieelluti.

120 2434 182 2475 ll.
208 2434 278 2476 M.
309 2432 581 2478 Graecurn
597 2434 762 2483 (Heldr.
786 2434 873 2476 Atti
893 2433 1023 2488 Cong.
1045 2433 1135 2476 Fir.
1158 2434 1243 2475 0228
1264 2433 1346 2475 sul)
1370 2431 1624 2486 Belleralia')
1646 2432 1754 2474 soliis

61 2491 294 2535 linearibus
333 2505 461 2546 scapo
498 2495 608 2535 clato
649 2493 915 2547 longioribus
942 2494 1060 2548 apice
1086 2493 1280 2535 breviter
1307 2492 1556 2535 attenuatis.
1583 2503 1752 2534 racemo

58 2551 252 2604 elongato
292 2553 564 2606 eylimlracco
610 2553 820 2598 laxisloro,
872 2553 1093 2606 pedieellis
1135 2552 1460 2594 liorizontaliter
1505 2550 1752 2606 patentibus

58 2609 205 2652 norem
244 2611 619 2666 snbaeqnantibns,
650 2613 871 2666 perigenio
911 2612 1000 2654 basi
1036 2615 1234 2654 truncato
1271 2609 1750 2664 eylindraceo-oblongo

58 2667 263 2712 diametro
290 2683 369 2713 suo
397 2673 420 2712 ⁶2
452 2671 594 2725 ¹f'2-plo
623 2672 828 2725 longiore,
856 2672 1036 2714 {loribus
1061 2670 1286 2712 sterilibus
1315 2671 1355 2712 in
1384 2671 1543 2724 spiram
1572 2668 1750 2711 densam

55 2725 226 2771 brevem
257 2732 445 2773 conicum
472 2731 694 2784 dispositis
732 2731 935 2785 elliptieis
969 2731 1227 2774 brevissime
1255 2730 1522 2784 pedicetlatis
1555 2731 1613 2775 Qt.
1649 2728 1751 2769 Leo-

52 2786 199 2837 potam
223 2788 376 2831 Groeea
402 2790 550 2832 lleldr.
579 2790 602 2832 Ι.
627 2791 698 2833 eit.
731 2803 770 2844 p.
804 2791 871 2834 1⁹2.

101 2859 199 2896 Hal).
223 2862 263 2898 iu
283 2864 474 2899 montosis
492 2864 651 2900 Achaim
667 2874 787 2911 prope
806 2865 1088 2899 monasterinm
1110 2863 1382 2909 Megaspileon
1405 2861 1550 2900 (Hel-lr
1569 2863 1607 2907 Β).

101 2924 234 2963 Facies
273 2927 331 2963 M.
373 2929 520 2965 comesi
550 2940 572 2964 a
604 2939 681 2975 quo
715 2929 841 2965 differt
879 2929 1040 2965 tloribns
1077 2928 1270 2964 fertilibus
1306 2927 1600 2972 snlnnajorilnis
1642 2928 1750 2972 parte

55 2970 242 3011 inferiore
261 2975 408 3022 pallide
429 2976 647 3013 virentibus
664 2986 833 3023 superne
868 2976 1196 3022 fusco-violaceis,
1233 2976 1395 3012 floribus
1431 2974 1629 3010 sterilibus
1664 2973 1750 3008 bre-
