2062 3314
229 264 276 300 26
998 269 1151 296 mmosss
1637 256 1880 295 Cheilantlzes
1891 285 1899 293 .

254 348 315 382 Ar.
337 345 468 390 Geogr.
495 342 699 389 Hispania,
718 343 936 388 Lusitania,
963 342 1095 378 Gallia
1124 341 1322 387 australis,
1354 339 1481 386 Italia,
1516 339 1728 386 Dalmatia,
1770 340 1905 377 Afritza

205 393 388 437 borealis,
411 390 580 435 Martem,
600 389 744 425 insulae
764 390 1038 427 Canarienses.

268 504 307 544 2.
340 501 436 545 Ch.
465 499 743 543 Szovitsii
760 498 828 554 (F.
864 503 906 541 et
932 498 982 540 M.
1019 498 1064 540 in
1092 497 1199 540 Hoh.
1234 495 1418 550 Talysch
1447 496 1523 539 En.
1549 509 1587 550 p.
1623 494 1695 543 11)
1718 496 1910 550 cespito-

212 574 323 614 sum,
349 559 574 602 frondibus
599 558 769 612 petiolis
789 557 1013 610 fragilibus
1035 557 1183 610 pilosis
1202 561 1244 598 et
1260 556 1506 611 squamosis
1523 555 1716 599 suffultis
1739 555 1910 598 ambitu

212 617 667 672 oblongo-lanceolatis
701 629 835 671 supra
875 616 1035 670 glabris
1073 616 1230 658 subtus
1264 626 1360 657 cum
1391 615 1564 657 rachide
1601 619 1643 657 et
1686 614 1908 670 petiolulis

212 679 346 722 dense
370 678 536 720 villosis
561 677 604 718 in
626 680 849 729 segmenta
876 675 1165 717 minutissima
1193 674 1430 716 orbiculata
1458 673 1524 717 vel
1559 677 1683 716 ovata
1718 674 1913 727 integer-

214 739 323 780 rima
360 736 737 789 tripinnatisectiS,
767 736 878 778 soris
911 734 1011 776 villo
1045 745 1254 776 araneoso
1285 733 1461 775 omnino
1497 733 1723 776 occultatis
1769 734 1830 779 Qt.
1855 732 1911 777 Ic.

218 796 339 838 Hook
361 795 431 848 Sp.
456 795 532 836 Fil.
553 795 603 836 ΙΙ.
633 794 715 835 tab.
744 795 812 835 94.
841 793 888 835 Β.
916 817 973 823 -
993 792 1157 834 Bertol.
1185 792 1298 833 Misc.
1333 792 1416 834 tab.
1441 793 1479 833 4.
1506 817 1557 821 —
1592 790 1913 846 Clz.fimbriata

218 855 310 897 Vis.
342 855 404 896 ΕΙ.
434 854 573 896 Dalm.
595 866 634 906 p.
662 854 731 903 42,
758 853 841 895 tab.
868 852 898 893 Ι.
923 876 977 881 ——
1003 850 1309 893 Acroste'chum
1326 849 1662 904 microplzyllnm
1687 851 1912 893 Bertol.—

217 913 597 965 AEosporanyiam
620 911 847 953 Persicum
873 911 964 953 Vis.
987 910 1048 952 Fl.
1066 910 1204 952 Dalm.
1234 908 1386 964 Suppl.
1415 923 1453 963 p.
1480 910 1546 953 12.
1564 932 1618 940 -—
1636 908 1916 951 Notochloena

216 972 398 1014 Persica
422 973 600 1023 Belang.
625 970 731 1024 Voy,
761 983 801 1024 p.
826 971 896 1011 21.

265 1045 366 1080 Hah.
389 1046 429 1079 in
450 1045 601 1080 fissuris
623 1044 795 1090 rupium,
817 1043 935 1088 Lycia
951 1042 1000 1077 ad
1015 1042 1158 1077 Adalia
1172 1043 1322 1087 (Bourg
1333 1043 1370 1087 l),
1386 1041 1525 1077 Cilicia
1538 1042 1588 1077 ad
1602 1042 1720 1087 Pylas
1735 1041 1916 1077 Cilicicas

218 1093 306 1135 (Bal
324 1093 558 1137 l),Armenia
573 1092 621 1126 ad
633 1091 840 1126 Gumusch
857 1090 969 1125 Kane
980 1089 1177 1136 (Bourgl),
1193 1089 1535 1136 Mesopotamiaad
1549 1089 1677 1124 Terek
1696 1088 1878 1132 (Haussk
1888 1089 1915 1134 1)

219 1139 528 1175 Transcaucasia
546 1139 586 1173 in
606 1138 732 1174 Iberi-[1
753 1142 787 1173 et
805 1148 913 1184 prov.
929 1137 1145 1182 Karabagh
1165 1137 1335 1182 (Szovl),
1350 1136 1561 1183 Affghania
1573 1136 1741 1180 (Griffll,
1761 1135 1916 1171 Beluts-

219 1187 308 1221 chia
328 1187 376 1221 ad
397 1186 545 1221 Chehel
567 1185 657 1220 Tun
677 1185 889 1230 (Stocks!).

270 1253 332 1287 Ar.
356 1253 489 1296 (iecor,
508 1250 620 1285 Italia
639 1249 780 1291 media,
796 1250 1010 1294 Dalmatia,
1030 1249 1307 1294 Tu1·kestania‚
1321 1249 1428 1295 regio
1455 1248 1692 1284 Himalaica.

373 1400 685 1448 ‘Attosomls
722 1399 886 1460 (Bernh.
916 1400 957 1447 in
991 1398 1162 1446 Schrad.
1200 1397 1245 1445 N.
1283 1398 1424 1446 Journ.
1454 1398 1487 1454 l,
1519 1398 1560 1454 2,
1597 1413 1635 1460 p.
1669 1397 1755 1459 36).

285 1530 381 1572 Sori
413 1530 672 1572 exindusiati
704 1529 891 1583 primum
921 1527 1098 1571 rotundi
1134 1528 1307 1571 tandem
1346 1527 1619 1570 confluentes
1663 1527 1916 1569 extremita-

223 1594 309 1632 tem
335 1601 571 1630 nervorum
602 1592 862 1641 occupantes
888 1588 1077 1641 pinnulae
1101 1588 1292 1641 margine
1319 1587 1516 1628 revolnto
1542 1586 1588 1629 in
1617 1587 1915 1628 membranam

226 1648 411 1690 abeunte
440 1647 636 1696 involuti,
666 1648 859 1700 margine
886 1647 1073 1700 denique
1091 1646 1317 1700 explanato
1347 1645 1467 1687 nudi.
1493 1668 1546 1676 —
1575 1645 1770 1688 Frondes
1795 1645 1920 1688 steri-

228 1708 288 1749 les
315 1710 356 1749 et
379 1707 544 1748 fertiles
561 1706 887 1748 subdifformes.
917 1706 1109 1748 Petiolus
1136 1705 1360 1747 rhizomati
1397 1706 1649 1747 continuus.

295 1830 327 1869 1.
362 1828 422 1869 Α.
462 1827 703 1882 crispus
738 1826 804 1882 [L.
837 1826 916 1880 Sp.
962 1829 1069 1869 1512
1104 1827 1184 1870 sub
1214 1825 1456 1877 Osmzmdct)
1484 1826 1648 1879 glaber,
1686 1825 1921 1868 rhizomate

230 1891 412 1939 repente
439 1886 862 1934 ramoso,srondibus
886 1887 1103 1940 petiolatis
1117 1886 1281 1928 ambitu
1299 1885 1921 1939 ovato-lanceolatistripinna-

229 1946 410 1993 tisectis,
440 1946 655 1988 sterilium
684 1945 932 1987 breviorum
961 1946 1151 1998 pinnulis
1191 1944 1739 1987 obovato-cuneiformibus
1773 1943 1923 1997 pinna-

227 2004 376 2060 tilidis,
401 2005 608 2047 fertilium
636 2005 827 2057 pinnulis
851 2008 1035 2057 anguste
1063 2003 1509 2057 oblongo-linearibus
1544 2003 1727 2055 integris
1774 2004 1835 2048 Qt.
1870 2001 1922 2043 A.

229 2063 404 2116 crispus
447 2063 606 2106 Berull.
647 2088 683 2092 —
745 2063 885 2104 Pteria
927 2062 1077 2114 crispa
1111 2063 1193 2104 All.
1224 2087 1275 2092 —
1307 2061 1660 2115 Cryptoyramme
1685 2061 1835 2113 crispa
1871 2061 1921 2103 R.

231 2122 302 2164 ΒΓ.
335 2124 376 2169 Qt
411 2122 464 2164 Ic.
491 2123 551 2164 Fl.
578 2122 685 2163 Dan.
710 2123 806 2163 498.
830 2146 886 2151 ——
905 2121 1025 2175 Engl.
1052 2122 1135 2164 bot».
1165 2121 1234 2163 tab
1279 2123 1405 2163 1160.

277 2198 379 2233 Hah.
407 2198 446 2233 in
466 2198 618 2233 fissuris
642 2198 799 2243 rupium
821 2198 1101 2242 graniticarum
1123 2196 1293 2242 regionis
1314 2196 1469 2243 alpinae,
1498 2195 1693 2242 Olympus
1728 2195 1924 2241 Bithynus

230 2245 408 2338 {{ibtss.3‚
431 2246 579 2281 Pontus
605 2245 769 2280 Lazicus
800 2255 917 2291 supra
947 2244 1085 2290 Djimil
1111 2244 1250 2289 (Ball),
1281 2243 1477 2279 Chendtoi
1504 2243 1725 2289 Affghaniae
1755 2242 1924 2279 9-11000⁷

287 2303 336 2328 ic
373 2321 376 2325 .
403 2321 409 2328 .

279 2359 341 2394 Ar.
365 2360 496 2404 Geoqr.
512 2359 634 2406 Alpes
654 2359 821 2405 Europae
842 2358 922 2394 fere
942 2357 1071 2402 totius,
1095 2358 1200 2402 regio
1221 2356 1458 2403 Him‘alaica‚
1480 2356 1660 2392 America
1679 2354 1864 2391 borealis.

851 2520 1110 2570 omentum
1149 2520 1329 2582 (Kaull')

299 2659 536 2714 Sporangia
560 2669 683 2700 secus
721 2655 1039 2711 receptaculum
1066 2658 1228 2700 lineare
1249 2656 1571 2709 snbmarginale
1601 2666 1811 2697 venarum
1834 2653 1927 2707 api-

236 2733 307 2764 ces
326 2721 584 2761 connectens
612 2717 692 2759 sita
711 2717 753 2759 in
778 2729 900 2759 soros
928 2717 1226 2772 approximata
1259 2716 1539 2769 pinnularum
1565 2714 1759 2766 margine
1796 2724 1927 2754 mem-

239 2780 398 2822 braneo
428 2778 588 2819 reflexo
628 2776 874 2831 (involucro
898 2775 1051 2829 Auct.)
1078 2775 1312 2817 semitecta.
1346 2774 1538 2816 Petiolus
1561 2784 1658 2815 cum
1689 2772 1925 2814 rhizomate

235 2838 484 2881 continuus
524 2860 579 2866 ——
612 2835 760 2878 Genus
804 2834 1006 2877 Aclosoro
1045 2834 1147 2876 facie
1192 2838 1235 2876 et
1271 2832 1596 2875 characteribus
1648 2839 1925 2884 summopere

236 2897 366 2939 affine
393 2899 435 2937 et
458 2895 510 2937 ab
538 2906 586 2937 eo
611 2894 804 2948 apicibus
833 2905 1043 2937 venarum
1065 2894 1108 2935 in
1134 2892 1454 2946 receptaculum
1480 2891 1644 2933 lineare
1670 2887 1925 2932 continuum

239 2969 261 2997 a
290 2967 377 3009 quo
408 2954 637 3009 sporangia
671 2953 874 2996 oriuntur
907 2956 1072 2995 tantum
1099 2952 1364 2993 distinctum.
1389 2949 1559 2992 Pleridi
1587 2959 1760 3003 quoque
1783 2946 1929 3002 proxi-

235 3026 373 3056 mum.
