2062 3314
208 238 279 275 734
977 247 1131 274 chas
1654 237 1916 285 Asplenium.

256 319 358 356 Hah.
378 320 419 356 in
442 319 599 354 fissuris
617 319 795 355 humidis
814 320 975 366 rupium
998 321 1174 366 regionis
1194 319 1405 362 inferioriS,
1425 319 1580 355 Graecia
1600 319 1696 364 (Sm.
1729 330 1779 356 ex
1805 321 1913 358 herba

207 368 368 414 Simu),
394 365 653 413 Archipelagi
672 367 814 403 insulae
836 367 972 403 Naxos
990 370 1028 403 et
1043 368 1200 403 Andros
1222 367 1382 413 (SartlD,
1399 367 1524 402 Poros
1545 366 1693 411 (Reinh
1707 369 1745 411 2.).

254 432 317 467 Ar.
341 431 475 476 Geoqr.
508 430 729 474 Lusitania,
750 431 960 477 Hispania,
993 431 1153 477 Anglia,
1182 430 1314 466 Gallia
1352 429 1607 466 occidentalis
1642 433 1680 466 et
1718 431 1920 477 australis,

207 479 379 523 Corsica,
397 477 595 521 Sardinia,
612 476 762 522 Sicilia,
780 478 898 514 Italia
920 480 1119 524 australiS,
1140 478 1272 514 Africa
1287 477 1471 513 borealis.

271 598 334 639 ll.
357 596 421 639 A.
452 594 779 639 Adiantum
811 596 1060 652 nigrum
1088 595 1157 652 (L.
1195 595 1267 649 Sp.
1295 594 1430 651 1549)
1456 595 1738 649 cespitosum,
1773 595 1919 640 rhizo-

201 659 314 699 mate
337 655 703 708 nigro-paleaceo‚
744 655 975 698 frondibus
1011 655 1183 709 petiolis
1220 654 1360 707 longis
1396 654 1552 696 validis
1580 654 1752 697 inferne
1775 655 1917 709 nigri-

202 714 402 757 cantibus
421 713 615 756 suffultis
639 714 805 767 glabris
824 714 1032 757 coriaceis
1051 714 1201 756 nitidis
1227 713 1392 756 ambitu
1418 713 1915 766 triangulari-lanceola-

205 775 260 816 tis
306 772 563 816 acuminatis
604 772 697 814 basi
747 774 1022 827 tripinnatim
1066 785 1259 827 superne
1301 772 1559 826 bipi-nnatiin
1600 772 1729 815 sectis
1762 774 1907 827 pinnis

205 833 335 887 primi
360 835 403 874 et
426 831 606 874 secundi
627 832 795 875 ordinis
821 832 875 874 ab
893 832 1180 875 inferioribus
1202 832 1253 874 ad
1277 831 1506 885 superiora
1531 831 1694 873 sensim
1719 832 1913 875 diminu-

202 893 271 945 tis,
295 891 534 944 segmentis
554 891 694 933 ultimi
718 891 887 935 ordinis
911 891 1365 944 oblongo-lanceolatis
1401 890 1492 932 basi
1532 893 1714 933 cuneata
1737 891 1908 945 integra

202 950 544 995 decurrentibus
570 950 690 1004 apice
716 955 842 993 acute
867 954 910 992 et
933 951 1084 994 stricte
1108 950 1298 992 dentatis
1332 951 1394 996 fit.
1417 948 1474 992 Ic.
1503 948 1627 991 Sckb.
1655 951 1711 992 80
1735 951 1787 993 A.

257 1027 303 1081 β.
338 1025 519 1079 Virgilii.
540 1051 595 1057 —
628 1026 768 1069 Frons
794 1028 884 1070 fere
912 1027 1048 1080 magis
1073 1026 1214 1069 divisa
1245 1026 1390 1080 pinnis
1423 1026 1598 1078 longius
1630 1026 1911 1079 acuminatis,

199 1088 262 1130 eis
286 1086 425 1129 ultimi
461 1085 628 1128 ordinis
672 1086 925 1129 lanceolalis
962 1086 1133 1129 acutius
1170 1085 1374 1128 dentatis.
1408 1109 1457 1115 —
1496 1086 1552 1127 Α..
1569 1088 1752 1127 acutum
1787 1087 1903 1140 Bory

198 1148 241 1189 in
264 1145 419 1188 Willd.
439 1144 514 1200 Sp.
533 1168 585 1176 -
611 1145 663 1199 A.
687 1145 955 1198 productum
977 1145 1119 1191 Lowe.
1138 1145 1331 1187 Variatio
1347 1145 1390 1186 in
1415 1148 1566 1198 typum
1595 1145 1758 1188 sensim
1785 1148 1908 1187 tran-

199 1217 332 1248 StffllS.

248 1278 349 1314 Hah.
377 1279 506 1314 forma.
531 1278 663 1324 typica
699 1278 918 1324 praesertim
956 1278 995 1313 iu
1040 1278 1219 1325 partibus
1270 1277 1394 1323 magis
1448 1278 1675 1314 borealibus
1730 1279 1907 1322 ditionis,

197 1327 350 1362 Pontus
378 1325 541 1360 Lazicus
563 1325 613 1360 ad
639 1325 763 1360 Rhize
784 1325 926 1370 (Ball),
947 1325 1259 1361 Transcaucasia
1289 1325 1454 1370 (Ledeb.
1483 1326 1641 1371 Szovi).
1667 1325 1753 1361 Var.
1782 1326 1805 1373 β
1829 1327 1902 1363 tre-

197 1374 379 1420 quentior
393 1373 433 1408 in
454 1373 614 1418 regione
628 1375 819 1408 montana
832 1373 994 1408 Graeciae
1008 1375 1016 1407 l
1029 1373 1272 1408 Macedoniae
1287 1376 1325 1408 et
1339 1372 1540 1418 Bithyniae
1558 1373 1720 1418 (Griseb
1730 1374 1768 1419 ἔ),
1780 1374 1902 1422 Cypri

195 1420 325 1467 (Kyl),
346 1419 489 1456 Libani
504 1419 629 1464 rGaill
642 1421 683 1465 l),
705 1419 856 1456 Ciliciae
876 1424 914 1455 et
932 1420 1059 1465 Syriae
1082 1420 1249 1456 borealis
1269 1421 1353 1466 (Ky
1371 1421 1409 1464 !).

239 1490 303 1525 Ar.
323 1489 456 1533 Geogr.
478 1488 635 1535 Europa
654 1488 785 1523 media
801 1491 839 1523 et
859 1488 1043 1523 australis
1063 1499 1085 1523 a
1104 1489 1309 1535 Norvegia=
1325 1488 1489 1523 australi
1509 1490 1547 1524 et
1567 1488 1709 1524 Scania
1727 1488 1776 1524 ad
1800 1489 1903 1525 Ros,

193 1538 294 1572 siam
316 1536 500 1581 inediam,
519 1535 660 1571 insulae
680 1535 908 1581 Atlantidis,
927 1535 1061 1572 Africa
1084 1535 1270 1580 borealis,
1287 1535 1518 1582 Abyssinia,
1542 1536 1584 1571 P.
1603 1536 1643 1571 B.
1663 1535 1768 1582 Spei,
1786 1537 1901 1583 regio

195 1584 428 1620 Himalaica.

253 1700 323 1744 12.
357 1701 415 1745 A.
453 1700 932 1755 septentrionale
960 1700 1019 1754 (L.
1055 1700 1127 1754 Sp.
1162 1701 1272 1742 1524
1302 1700 1385 1743 sub
1410 1699 1685 1752 Aer-ostiam)
1709 1702 1899 1755 cespito-

192 1773 303 1807 sum.
334 1761 573 1802 rbizomate
606 1759 728 1802 brevi
768 1760 964 1813 squamis
1004 1760 1244 1802 linearibus·
1282 1760 1416 1803 fuscis
1453 1760 1628 1807 vestito,
1664 1760 1897 1804 frondibus

195 1821 318 1873 longe
357 1820 573 1872 petiolatis
603 1819 810 1861 coriaceis
843 1820 1004 1872 glabris
1040 1819 1080 1860 in
1115 1821 1192 1861 2-5
1229 1823 1450 1872 segmenta
1487 1820 1893 1872 elongato-linearia-

193 1879 282 1921 basi
311 1879 435 1931 longa
460 1881 642 1921 cuneata
668 1878 917 1930 petiolulata
953 1883 1076 1920 acuta
1120 1880 1288 1931 integra
1324 1879 1389 1920 vcl
1423 1890 1615 1931 superne
1653 1880 1694 1921 in
1738 1879 1896 1922 dentes

189 1938 416 1980 subulatos
448 1937 581 1980 incisa
615 1937 817 1979 furcatim
843 1937 1013 1990 divisis,
1049 1939 1161 1980 soris
1201 1937 1441 1979 linearibus
1467 1938 1669 1991 angustis
1704 1938 1894 1993 denique

183 1996 508 2039 confluentibus
536 1999 667 2037 totam
697 1996 894 2049 paginam
927 1997 1179 2039 inferiorem
1211 1996 1532 2049 obtegentibus,
1564 1996 1738 2039 indusio
1775 2010 1888 2039 mar-

185 2057 283 2109 gine
323 2056 493 2109 integro
538 2057 599 2101 Ql.
625 2055 677 2097 Α.
716 2055 1057 2107 septentrionale
1092 2055 1176 2102 Sw,
1210 2055 1314 2109 Syn.
1356 2057 1423 2097 75.
1461 2081 1513 2086 —
1553 2056 1618 2098 Ic.
1658 2056 1779 2109 Engl.
1804 2056 1893 2099 bot.

184 2112 268 2158 tab.
296 2113 421 2157 1017.
448 2138 502 2145 —-
523 2114 583 2155 Fl.
608 2114 720 2156 Dan.
746 2114 832 2156 tab.
866 2116 931 2156 10.

229 2197 321 2233 Hab
352 2198 394 2233 in
416 2197 567 2232 fissuris
593 2196 709 2231 siccis
736 2197 895 2242 rupium
929 2197 1223 2243 graniticarum‚
1254 2196 1448 2244 Olympus
1478 2197 1678 2243 Bithynus
1709 2196 1889 2242 (Simu),

185 2245 254 2283 Ida
267 2245 436 2281 Troadis
455 2245 608 2289 (Sint),
628 2254 744 2278 mons
764 2246 931 2289 Argaeus
960 2244 1221 2290 ('Iapp21(loci{c
1253 2245 1293 2279 in
1323 2246 1479 2290 regione
1497 2245 1713 2291 subalpina
1748 2244 1830 2284 (nal
1846 2246 1883 2288 l),

182 2293 334 2330 Pontus
355 2292 516 2327 Lazicus
536 2292 586 2326 ad
620 2290 840 2326 Kalonoros
866 2291 969 2327 1500'
1001 2291 1144 2334 (nali),
1174 2292 1362 2326 Armenia
1387 2292 1556 2327 Turcica
1585 2302 1706 2339 prope
1739 2291 1885 2327 Baibut

180 2339 334 2386 (Bourg
350 2341 387 2384 l),
407 2339 564 2374 Tanriae
584 2348 697 2372 mons
717 2337 870 2373 Kastell
892 2337 1037 2381 (Rehni
1053 2340 1091 2382 ἔ),
1113 2340 1314 2373 Caucasus
1333 2341 1369 2373 et
1390 2338 1702 2375 Transcaucasia
1723 2339 1889 2384 (Rehmt

179 2386 359 2433 Ledeb.),
380 2385 604 2432 Afl'glianiae
625 2385 743 2420 vallis
763 2386 935 2420 Kurrain
953 2385 1004 2419 ad
1025 2385 1220 2420 Chendtoi
1246 2385 1421 2421 7-11000'
1440 2386 1576 2430 (Aitch
1589 2388 1632 2432 !).

179 2508 203 2543 b
224 2461 287 2497 Ar.
301 2470 438 2542 lgeogr.
458 2460 618 2505 Europa
641 2459 720 2494 fere
740 2458 863 2494 totius
882 2461 1051 2502 montes,
1075 2458 1221 2494 Sibiria
1243 2458 1444 2495 Ura-lensis
1463 2462 1502 2495 et
1516 2460 1682 2506 Altaica,
1699 2460 1882 2496 Amerina

207 2517 298 2544 01·Θᾶ
316 2517 361 2542 IS.

583 2676 846 2725 nmmum
881 2675 1003 2739 <nom
1038 2676 1157 2725 rent.
1197 2676 1271 2732 in,
1305 2691 1347 2739 ρ..
1385 2677 1480 2740 58).

235 2818 332 2863 Sori
368 2819 541 2873 oblongi
573 2820 639 2862 vel
685 2818 861 2861 rotundi
899 2830 1027 2862 secus
1069 2823 1213 2862 costa-s
1254 2819 1536 2862 secundarias
1582 2819 1875 2862 unilaterales.

179 2879 406 2923 Indusium
433 2879 610 2921 laterale
633 2890 733 2921 soro
766 2878 985 2920 conforme
1018 2890 1154 2920 nervo
1192 2879 1397 2921 adnatum
1439 2879 1633 2931 margine
1665 2878 1877 2921 interiore

177 2943 394 2994 apertum.
420 2938 614 2981 Petiolus
638 2937 862 2979 rhizomati
890 2937 1128 2979 continuus
1164 2937 1263 2980 hasi·
1294 2938 1508 2980 fasciculis
1536 2938 1656 2980 binis
1676 2937 1875 2991 oblongis

177 2998 465 3054 periphericis
489 3008 681 3051 superne
703 2997 755 3038 ad
783 2995 906 3038 basin
932 2996 1109 3038 laminae·
1134 3008 1244 3038 arcu.
1269 2996 1318 3039 in
1340 2997 1511 3039 unicum
1547 2996 1873 3051 periphericum
