2089 3246
116 249 275 286 Crocus.
871 253 1078 280 IRIDACEAE
1778 244 1827 280 95

112 332 314 374 exsertus
343 328 474 370 ramis
499 327 640 370 tribus
674 327 940 380 stigmatosis
981 328 1048 369 vel
1087 326 1354 380 subintegris
1382 324 1449 369 vel
1484 325 1715 369 fimbriatis
1747 333 1824 369 aut

115 387 358 432 niultilidis.
411 385 593 439 Capsula
635 386 856 428 chartacea
905 387 1284 439 oblongo-trigona
1331 385 1396 426 ab·
1433 385 1553 439 apice
1603 385 1819 428 trivalvis.

115 448 288 490 Semina
335 446 508 499 globosa
560 447 671 487 testa
716 446 1063 494 membranacea,
1099 445 1319 486 albumiue
1354 456 1527 487 corneo.
1571 469 1624 474 ——
1664 444 1820 487 Herbae

115 507 301 552 acaules,
331 516 475 548 cormo
499 504 673 559 (bulbo)
703 517 847 546 annuo
874 505 1079 559 prolil'ero
1112 504 1270 546 tunicis
1309 504 1531 557 (soliorum
1569 508 1691 556 parte
1716 505 1823 546 inle-

116 566 219 608 riori
253 565 426 607 dilatata
464 567 508 605 et
543 565 746 615 connata)
770 563 1112 606 membranaceis
1142 563 1315 606 fibrosis
1356 563 1420 604 vel
1452 562 1692 606 reticulatis
1722 576 1820 604 ves-

116 626 208 676 tito,
252 624 362 666 soliis
417 627 600 675 auguste
657 623 894 665 linearibus
937 623 1098 675 saepius
1138 622 1343 664 carinatis
1385 625 1428 665 et
1471 621 1818 664 bicaualiculatis

113 683 357 737 synanlliiis
400 683 465 724 vel
503 682 831 736 hyst.erautl1iiS‚
856 682 997 735 scapis
1024 694 1075 723 ex
1103 693 1248 724 eormo
1272 681 1480 724 solitariis
1506 682 1570 723 vel
1616 681 1817 734 pluribus

115 747 209 796 post
242 742 454 785 autliesim
499 742 710 794 elongatis
750 742 839 783 basi
869 741 998 783 nullis
1027 741 1093 783 vel
1123 739 1282 792 spelled
1311 739 1453 781 basale'
1486 740 1818 783 membranacea

111 803 320 853 inclusis3
343 800 500 854 spalled
530 799 717 853 propria
752 801 948 846 ovarium
975 799 1065 842 basi
1100 800 1387 853 amplectente
1423 799 1702 853 monopliylla
1748 800 1814 841 vel

110 863 302 917 dipliylla
326 873 500 914 semper
522 860 664 902 obvia.

166 938 214 980 Iu
240 939 476 981 Crocorum
493 936 786 979 elaboratione
816 936 926 978 nolis
945 939 987 978 et
1011 935 1469 979 animadversionibus
1491 949 1514 978 a
1551 936 1602 977 cl.
1628 938 1670 977 et
1707 935 1817 977 ami-

109 999 211 1040 ciss.
239 997 286 1039 G.
316 997 421 1038 Maw
444 996 574 1049 liujus
597 996 771 1049 generis
794 995 1146 1049 monograpliiam
1169 1007 1267 1038 mox
1285 995 1446 1038 edituri
1472 995 1574 1037 milii
1596 995 1797 1037 humanis

110 1058 223 1099 sime
251 1056 576 1099 communicatis
602 1055 834 1108 valdoperc
851 1055 1027 1108 adjutus
1050 1055 1123 1097 fui.

536 1178 786 1231 Speez'erztm
810 1177 1104 1220 Orientalium
1137 1177 1382 1230 dispositio.

183 1303 325 1339 δεξιαῖς
354 1303 377 1338 1.
405 1303 694 1337 INVOLUCRATI.
715 1321 760 1327 —
780 1301 938 1383 Spathal
953 1300 1104 1335 basalis
1122 1311 1169 1336 ex
1193 1300 1303 1346 apice
1323 1300 1447 1336 corini
1469 1301 1554 1336 orta
1577 1310 1741 1347 scapum

830 1359 922 1395 amp
942 1351 1085 1384 ectens.

103 1465 124 1520 ἕ
171 1467 201 1506 l.
241 1462 688 1507 Membranacei.
729 1487 784 1492 —
818 1461 996 1564 Tuigeae
1038 1462 1173 1504 cormi
1218 1462 1561 1505 membranaceae
1602 1460 1811 1516 parallele

869 1522 893 1563 fl
934 1532 1056 1563 rosae.

555 1623 565 1634 '
591 1621 854 1658 Autumnales
875 1621 1034 1666 (Confer
1054 1620 1092 1657 C.
1113 1619 1353 1667 Lazieum).

731 1697 772 1738 4-
800 1695 893 1731 Flos
913 1695 1178 1731 aurantiaeus.

130 1802 134 1807 .
150 1770 189 1807 C.
217 1756 468 1816 Soharojanz}
487 1768 673 1805 Lazicus.

373 1863 415 1904 4-
444 1863 486 1904 -4-
514 1860 607 1895 Flos
625 1858 775 1905 pallide
797 1857 1066 1901 ochroleucus,
1086 1857 1201 1894 albus
1219 1857 1285 1894 vel
1303 1857 1517 1894 violaceus.

145 1933 183 1970 C.
204 1932 398 1978 vallic-ola,
415 1932 676 1976 ochroleucus‚
693 1935 873 1975 Ζονιαίιιε,
894 1930 1219 1967 Kar-duellorum.

545 2026 553 2036 '
582 2024 592 2035 ·
619 2022 817 2058 vernales.
840 2021 978 2058 Flores
997 2021 1078 2057 albi
1101 2022 1164 2057 vel
1185 2021 1362 2058 violacei.

147 2099 184 2135 C.
208 2098 386 2140 Billz‘ntii,
407 2097 604 2134 Boissz'erz'.

150 2217 175 2267 ξ
206 2216 243 2256 2.
269 2214 586 2258 Reticulati
634 2238 690 2246 —
717 2212 858 2256 Cormi
886 2213 1044 2255 tunicae
1072 2212 1333 2255 reticulalim
1364 2211 1547 2255 ssbrosae.
1573 2210 1739 2254 Omnes

797 2273 1093 2315 autumnales.

141 2374 179 2411 C.
202 2374 361 2415 sativa&
379 2373 676 2418 Ilausslmechti,
695 2372 966 2409 Hadriacious.

449 2501 545 2536 San.
573 2500 614 2535 ΙΙ.
644 2499 887 2535 Num-mom.
909 2519 953 2524 —-
973 2498 1123 2545 Spatha
1145 2498 1293 2534 basalis
1317 2498 1440 2534 nulla.

283 2618 304 2669 ξ
335 2619 365 2658 l.
395 2615 727 2659 Retlculati.
754 2615 898 2658 Cormi
924 2615 1079 2658 tunicae
1108 2615 1370 2658 reticulatim
1395 2615 1586 2658 fibrosae.

435 2721 444 2731 '
472 2718 749 2754 Autumnales.
771 2739 817 2744 —
841 2717 937 2753 Flos
958 2728 1094 2753 roseus
1114 2717 1177 2754 vel
1195 2717 1464 2754 caerulescens.

138 2792 177 2829 C.
198 2791 447 2828 cancellatus.

809 2872 817 2882 '
846 2871 856 2881 '
885 2869 1074 2905 vernales

746 2948 779 2980 ><
812 2941 903 2977 Flos
924 2941 1137 2977 violaceus.

136 3014 175 3052 C.
194 3015 436 3061 varieyatus,
455 3014 611 3060 &eber-i,
642 3013 894 3051 Veluclzensis.
