2089 3246
119 197 451 246 Calamam-ostis.
868 208 1092 237 anamma:
1749 205 1819 243 525
1840 237 1842 239 ,

181 280 672 339 β.Ρενεὶοα.-ῦίωηεο
695 282 840 326 minus
863 284 988 337 longe
1012 284 1230 328 subulatae
1245 285 1389 327 minus
1409 285 1660 341 inaequales.
1681 287 1820 332 Inter-

124 342 280 388 mediis
306 341 350 384 in
385 345 535 396 typum
563 342 732 384 transit.
756 341 836 383 Vix
866 344 1069 386 varietas.
1094 367 1150 373 —-
1173 341 1218 389 C.
1241 342 1409 385 rabello
1432 343 1570 389 Boiss.
1598 347 1700 390 Mss.

171 423 274 461 Hab.
298 423 336 459 in
357 422 531 458 humidis
552 423 697 458 montis
716 421 807 458 Kuh
836 423 976 459 Daena
1011 423 1156 460 Persiae
1177 424 1360 460 australis
1378 425 1477 471 (Ky.
1502 426 1628 473 6451),
1650 428 1819 466 borealis

122 472 164 508 in
190 473 324 507 monle
344 469 489 505 Elbrus
511 468 606 515 (Ky.
624 469 741 515 5271).

170 546 234 582 Ar.
256 544 390 589 Geogr.
414 543 622 590 Norvegia,
650 542 846 588 Belgium,
881 543 1023 588 Gallia,
1049 543 1248 590 Helvetia,
1280 545 1475 591 Hispania
1507 547 1688 593 borealiS‚
1722 550 1818 586 Ger-

120 591 492 676 ῐεῖἷιίιὲῗθρὶρῖἶίιὲῑίἰέι
507 590 704 634 australis,
718 590 834 626 ltalia
847 590 1029 638 borealis,
1039 591 1253 639 Hungaria‚
1268 591 1410 628 Bossia
1425 594 1555 630 media
1567 598 1603 631 et
1621 597 1819 642 australis,

183 760 231 802 8.
264 757 321 802 C.
348 755 612 812 epiqeios
641 755 703 808 (L.
729 754 803 809 Sp.
836 757 917 798 120
944 757 1027 799 sub
1055 756 1261 812 Arunda)
1287 758 1431 802 radice
1455 762 1640 814 repenti,
1664 763 1819 805 culmis

119 817 247 863 elatis
284 816 477 859 robustis
504 815 669 869 rigidis,
696 815 807 858 soliis
839 815 1002 869 glaucis
1038 817 1177 859 firmis
1218 817 1368 871 rigidis
1410 818 1648 864 linearibus
1685 822 1820 874 longis

120 878 246 930 longe
271 874 751 918 subulam-acuminatis
775 875 1048 928 asperrimis,
1072 876 1204 928 ligula
1228 876 1424 930 elongala
1449 881 1592 929 acuta,
1611 880 1821 934 paniculze

121 935 400 978 violascentis
425 934 493 975 vel
518 933 689 989 pallidae
721 937 878 976 erectae
905 935 1065 977 strictae
1102 935 1254 977 lobatae
1286 937 1420 978 ramis
1459 939 1616 982 erectis
1649 940 1820 994 asperis

120 993 382 1038 fasciculatis
420 991 511 1035 basi
554 992 696 1043 nudis,
735 993 896 1045 glumis
939 993 1315 1047 subinchualibus
1354 999 1536 1048 anguste
1571 997 1820 1042 lanceolatis

119 1055 249 1107 longe
276 1051 735 1095 subulam-attenuatis
760 1051 906 1093 carina
934 1056 977 1094 et
1002 1052 1197 1105 margine
1223 1054 1410 1108 asperis,
1441 1055 1538 1107 pilis
1572 1057 1820 1099 numerosis

117 1112 287 1167 glumas
330 1109 622 1164 aequantibus,
672 1109 876 1163 glumella
919 1111 1079 1164 glumis
1128 1111 1305 1154 dimidio
1351 1112 1552 1156 breviore
1595 1115 1727 1158 bifida
1767 1116 1818 1156 ad

116 1170 312 1215 medium
337 1170 513 1212 dorsum
537 1169 716 1211 aristam
749 1169 882 1211 arista
919 1172 1038 1212 recta
1068 1171 1187 1212 tenui
1212 1170 1310 1224 pilis
1346 1170 1548 1215 breviore
1584 1180 1620 1221 2⁴
1659 1175 1702 1216 C.
1733 1174 1821 1226 epi-

117 1229 240 1283 ,qeios
266 1229 379 1271 Roth
401 1227 549 1270 Germ.
577 1227 611 1278 I,
642 1240 681 1281 p.
711 1228 780 1269 34.
809 1250 864 1259 —
888 1227 995 1271 Host
1019 1228 1164 1270 Gram.
1184 1234 1211 1271 t.
1232 1231 1302 1272 42.
1327 1254 1384 1260 -
1402 1229 1535 1274 Rchb.
1563 1231 1707 1275 Germ.
1730 1233 1815 1274 tab.

121 1290 191 1332 84.
219 1312 269 1317 —-
294 1287 333 1330 C.
357 1286 598 1340 ylomerata
617 1286 763 1329 Boiss.
780 1290 824 1328 ct
846 1285 993 1329 Buhse
1015 1287 1147 1329 Aufz.
1182 1301 1224 1342 p.
1255 1290 1352 1331 22ὲι.
1378 1312 1431 1318 -
1459 1290 1502 1332 C.
1532 1290 1742 1344 Georyica,
1775 1290 1817 1333 C.

119 1348 241 1391 Koch
263 1346 388 1388 Linn.
418 1345 533 1398 XXI,
559 1358 597 1400 p.
626 1346 706 1387 387
737 1348 780 1389 et
803 1345 845 1389 C.
870 1345 1124 1399 thyrsoe'dea
1140 1345 1182 1388 C.
1203 1348 1320 1390 Koch
1346 1361 1389 1402 p.
1417 1349 1512 1391 388.

169 1430 276 1467 Hab.
296 1430 345 1467 ad
368 1430 485 1476 ripas,
503 1430 543 1464 in
570 1429 773 1474 sylvaticis
799 1428 988 1473 humidiS,
1018 1429 1317 1476 Peloponnesus
1347 1431 1518 1477 (Boryi).
1552 1433 1721 1469 Thracia
1754 1435 1819 1477 (ex

120 1479 300 1522 Griseb),
319 1476 504 1513 Anatolia
527 1476 720 1521 (Temni),
742 1476 993 1523 Cappadocia
1014 1477 1053 1512 in
1084 1478 1242 1522 regione
1270 1478 1483 1525 subalpina
1514 1481 1645 1525 Argaei
1680 1481 1770 1523 (Bal
1783 1484 1819 1525 l),

114 1527 278 1562 Pontus
315 1525 476 1560 Lazicus
512 1533 630 1570 prope
665 1523 785 1559 Rliize
815 1524 956 1569 (Ball),
986 1524 1146 1566 Tauria,
1184 1524 1382 1561 Caucasus
1414 1530 1449 1562 et
1480 1527 1816 1563 Trunscaucasial

117 1573 272 1609 Persiae
291 1571 462 1607 borealis
485 1581 600 1606 mons
619 1570 761 1606 Elin-us
783 1570 934 1615 (Buhse
948 1573 989 1616 l),
1008 1571 1222 1617 Affgnania
1239 1572 1361 1616 (Griff
1377 1574 1416 1618 l).

171 1645 233 1680 Ar.
254 1645 386 1689 Geoqr.
416 1642 574 1689 Europa
603 1642 773 1678 borealis
803 1645 840 1677 et
873 1643 1002 1678 media
1038 1643 1087 1678 ad
1121 1643 1358 1690 Hispaniam
1400 1644 1628 1681 borealem?
1664 1646 1818 1682 ltaliam

120 1691 380 1737 Dalmatiam,
399 1691 600 1742 regionem
620 1690 886 1726 Danubialem
908 1700 1046 1736 usque,
1067 1690 1223 1729 Sibiria.

119 1845 246 1889 Secr.
278 1845 317 1886 ΙΙ
374 1842 667 1886 DEYEUXIA
702 1843 751 1885 Ρ.
795 1843 847 1886 de
890 1843 938 1885 B.
981 1866 1034 1873 -
1084 1844 1271 1887 Flosculi
1314 1845 1479 1888 sterilis
1517 1845 1813 1890 rudimentum

683 1901 1021 1957 pediccllisorme
1055 1902 1258 1956 pilosum.

183 2037 221 2078 9.
262 2034 313 2078 C.
349 2035 638 2077 montana
673 2032 830 2081 (Gaud.
862 2032 1036 2085 Agrost.
1076 2033 1108 2085 Ι,
1144 2047 1169 2087 p
1222 2035 1275 2076 42
1313 2035 1395 2078 sub
1424 2035 1630 2091 Arundo)
1671 2038 1817 2082 radice

122 2097 320 2149 repente,
357 2092 511 2136 culmis
546 2091 683 2144 elatis,
708 2092 818 2133 soliis
861 2091 1100 2134 linearibus
1128 2093 1269 2146 planis
1300 2095 1510 2148 elongatis
1544 2098 1817 2146 acuminatis,

122 2154 257 2208 ligula
295 2152 478 2203 oblonga
521 2152 676 2201 lacera,
706 2151 916 2203 paniculae
962 2151 1173 2204 elongatae
1215 2153 1402 2205 patentis
1447 2153 1545 2197 dein
1590 2159 1819 2199 conti-acue

122 2212 259 2257 ramis
287 2211 495 2253 brevibus
519 2209 693 2253 tandem
723 2210 885 2253 strictis
916 2210 1228 2265 pcdicellisque
1252 2213 1441 2265 asperis,
1467 2214 1624 2266 glumis
1647 2216 1819 2268 pallidis

122 2273 190 2315 vel
214 2270 380 2313 rubello
408 2269 588 2312 suffusis
622 2269 869 2311 lanceolatis
893 2269 1031 2312 acutis
1050 2269 1391 2324 subaequalibuS,
1414 2272 1631 2323 glumellse
1661 2275 1820 2327 glumis

122 2329 424 2374 subbrevioris
448 2328 566 2381 apice
590 2327 860 2370 denticulatae
882 2328 981 2383 pilis
1010 2328 1270 2371 basilaribus
1299 2343 1358 2372 cae
1381 2331 1722 2386 sullaequilongis
1753 2335 1818 2376 vel

122 2387 501 2435 subbrevioribus,
531 2387 664 2428 arista
708 2398 841 2440 supra
891 2387 1012 2429 basin
1062 2387 1228 2429 inserta
1277 2389 1516 2441 geniculata
1562 2391 1820 2435 brevissime

121 2449 314 2494 exserta.
339 2447 459 2502 palea
489 2446 615 2498 paulo
639 2445 856 2496 breviore,
884 2446 1120 2488 rudimenti
1162 2447 1294 2490 barba
1331 2449 1480 2490 liorem
1522 2455 1720 2504 aequaute
1760 2454 1818 2497 Ql.

123 2508 166 2554 C,
191 2509 401 2549 ηιοηίαηα
437 2505 543 2547 Ilost
581 2504 728 2545 Gram.
759 2505 842 2547 lab.
873 2506 966 2547 146.
997 2505 1130 2546 Rolib.
1157 2504 1311 2548 Germ.
1344 2511 1372 2549 t.
1414 2509 1504 2554 140,
1534 2533 1584 2538 -
1613 2509 1652 2551 C.
1696 2511 1821 2551 caria

124 2566 303 2610 Selii-ad.
332 2589 381 2595 -
409 2565 450 2607 C.
472 2563 705 2616 aentistora
731 2564 783 2605 D.
814 2562 855 2605 C.
893 2589 949 2594 —
986 2563 1023 2606 C
1064 2564 1301 2606 Ccmcaslea
1338 2566 1461 2608 Trin.
1494 2568 1534 2609 in
1571 2567 1615 2609 C.
1640 2569 1689 2610 Α.
1714 2568 1818 2623 Moy.

126 2627 282 2670 Eoum.
308 2639 345 2678 p.
376 2625 438 2665 15.

173 2700 280 2736 Hal).
301 2700 339 2734 in
361 2698 563 2744 sylvaticis
590 2698 788 2732 montanis
815 2700 852 2733 et
880 2698 1037 2744 alpinis,
1072 2700 1220 2735 Graecia
1254 2701 1291 2734 in
1328 2704 1458 2736 monle
1491 2701 1582 2736 dita
1614 2702 1820 2737 l'liliotidis

125 2747 363 2784 450020000'
385 2745 581 2789 (lieldrl),
607 2754 715 2791 prov.
737 2746 957 2780 (Iallvasicae
978 2745 1014 2780 in
1045 2747 1188 2781 (irusisi
1207 2747 1265 2790 (C.
1287 2748 1424 2784 Koclil.
1451 2759 1559 2783 mons
1581 2749 1819 2795 Tnl'uiulagli

126 2795 298 2832 Caucasi
319 2792 518 2829 orientalis
537 2793 641 2828 0000·
665 2791 719 2835 (C.
738 2794 782 2827 A.
803 2793 945 2838 Meyl)‚
962 2793 1000 2827 in
1024 2793 1290 2839 Daglieslanizi
1309 2796 1539 2831 fiolis-‘1:300'
1561 2796 1734 2842 (liuprlb).

173 2870 235 2904 Ar.
276 2868 408 2912 Geoqr.
448 2866 609 2912 Europa
644 2865 773 2900 media
808 2876 831 2901 a
869 2866 1132 2901 Scandinavisi
1166 2868 1298 2902 merid.
1331 2868 1378 2903 ad
1413 2869 1594 2904 Romam
1635 2870 1818 2914 medinm,

124 2915 301 2952 Galliam
324 2914 494 2950 mediani
516 2916 552 2948 et
580 2913 790 2948 australem
823 2915 859 2948 et
893 2913 1046 2949 Ilalinni
1067 2914 1235 2949 mediani
1270 2916 1307 2950 in
1331 2916 1541 2953 montibus,
1566 2917 1815 2961 Dalmatiam,

124 2963 307 3000 Serbiam
327 2965 363 2997 el
390 2961 588 3006 regionem
607 2961 883 3002 Danubialfflii,
907 2960 1180 3007 'surkestanim
1200 2962 1359 2998 Siliiria

1677 3029 1725 3066 3¹1
