2089 3246
73 280 309 318 Blechnum.
854 286 1007 312 mmesss
1709 278 1779 313 729

140 367 178 406 1.
203 363 260 406 B.
281 361 609 418 Spicant(L.
631 360 690 415 Sp
731 362 840 403 1522
860 362 943 404 sub
969 360 1213 415 Osmzcnclci)
1239 361 1777 414 cespitosum,rl1izomate

71 423 249 477 obliquo
275 424 487 475 paleaeeO,
513 421 655 473 pinnis
678 421 1018 474 pinnatipartitis
1037 420 1292 473 dimorpliis,
1322 420 1548 462 sterilibus
1574 420 1773 462 breviter

78 481 294 537 petiolatis
318 480 481 523 ambitu
508 479 984 532 elongato-lanceolatis
1000 479 1142 533 pinnis
1167 493 1188 520 a
1216 479 1354 520 medio
1381 479 1586 521 deorsum
1615 484 1655 521 et
1680 492 1778 521 sur-

74 553 177 584 sum
220 539 577 582 decrescentibus
614 538 794 590 integris
829 537 1025 591 oblongis
1064 544 1108 579 et
1140 539 1568 580 lineari-lanceolatis
1605 538 1778 581 obtusis

79 599 397 642 mucronulatis
420 610 535 652 sfepe
558 596 900 648 confluentibus,
924 597 1152 640 frondibus
1181 597 1396 639 fertilibus
1430 597 1576 650 paucis
1608 598 1777 650 longius

77 658 294 713 petiolatis
331 657 597 710 longioribus
619 656 762 709 pinnis
780 660 965 709 anguste
985 656 1223 698 linearibus
1237 655 1500 698 distantibus
1520 662 1554 703 ‘36
1573 685 1581 694 .
1603 656 1648 697 B.
1677 656 1778 707 Spa·-

73 720 179 759 cant
207 717 317 759 Roth
339 716 462 759 Tent.
493 729 533 770 p.
557 716 628 757 44.
647 740 700 745 —
726 714 788 758 Fi.
816 715 926 757 Dan.
953 715 1035 757 tab.
1050 716 1188 757 99.-
1214 714 1420 755 Lomaria
1444 714 1624 766 Spicant
1641 715 1770 757 Dcsv.

125 789 228 824 Hab.
256 789 296 824 in
318 788 444 833 sylvis
466 787 651 831 humidis,
669 787 784 822 Creta
807 788 846 822 in
865 797 976 833 prov.
998 787 1202 822 Kissamos
1224 786 1273 821 ad
1292 786 1567 822 Enneachoria
1587 786 1778 830 (Heldrl),

77 846 191 872 mons
209 835 277 871 Ida
294 834 462 884 Troadis
480 835 611 879 (Sint),
630 834 778 870 Pontus
798 833 962 869 Lazicus
989 834 1039 870 ad
1057 834 1346 880 Trapezuntem
1362 833 1514 879 (nourg
1529 836 1566 878 l),
1587 834 1636 868 ad
1658 834 1778 868 lthize

71 882 417 928 (Ba11)‚1meretia
440 882 655 918 Caucasica
673 881 844 928 (impu),
867 881 1046 917 Libanus
1072 881 1303 926 (librenbl).

125 948 187 983 Ar.
207 949 340 992 Geoqr.
365 947 522 992 Europa
540 945 712 981 borealis
732 949 769 981 et
788 945 919 981 media
937 946 987 981 ad
1010 946 1271 990 Lusitaniam,
1292 945 1531 992 Hispaniam
1553 945 1778 989 centralem,

74 994 255 1030 Siciliam
274 998 312 1029 et
334 994 519 1029 Bossiam
541 993 712 1029 mediam
729 1003 868 1040 usque,
888 992 1164 1037 Kamtehatka‚
1184 993 1324 1028 insulae
1344 992 1778 1039 1⁴‘ortunatae,.laponia,

75 1042 263 1077 America
283 1040 722 1077 boreali—occidentalis.

372 1185 797 1235 scoLOPENnRfflM
828 1186 932 1249 (Sm.
961 1186 1046 1235 Act.
1074 1185 1198 1234 Taur.
1228 1186 1269 1242 5,
1300 1200 1338 1248 p.
1370 1185 1490 1248 410).

137 1318 235 1362 Sori
254 1319 441 1361 lineares
465 1319 579 1362 inter
599 1331 646 1362 se
670 1318 866 1372 paralleli
890 1319 932 1361 in
960 1318 1113 1361 fronde
1139 1318 1316 1372 oblique
1353 1319 1612 1369 transversi,
1648 1332 1778 1361 unus-

73 1379 266 1433 quisque
301 1379 414 1421 soris
442 1378 555 1421 binis
585 1379 638 1420 ab
667 1378 789 1420 initio
815 1378 1030 1431 contiguis
1065 1382 1108 1420 et
1147 1377 1341 1431 margine
1381 1382 1563 1421 externo
1599 1378 1777 1420 indusio

73 1438 229 1480 lineari
263 1437 434 1480 donatis
451 1442 670 1490 constans,
704 1437 878 1480 indusia
909 1438 1007 1480 bina
1046 1437 1234 1490 primum
1271 1437 1463 1489 margine
1498 1437 1777 1479 conniventia

75 1496 249 1540 tandem
277 1497 484 1550 utrinque
509 1497 714 1551 replicata
739 1500 782 1538 et
799 1508 924 1538 soros
955 1492 1177 1537 nudantia.
1204 1495 1401 1538 Frondes
1428 1496 1628 1538 indivisae
1659 1496 1777 1537 ferti-

74 1555 140 1599 les
168 1568 251 1599 non
272 1560 517 1598 contractae.
544 1556 738 1598 Petiolus
757 1567 853 1598 cum
880 1555 1120 1596 rhizomate
1144 1555 1393 1596 continuus.

143 1671 179 1711 1.
202 1668 253 1714 S.
282 1668 581 1712 officinale
625 1669 736 1725 (Sm.
775 1671 849 1712 loe.
878 1669 968 1722 cit.)
1006 1670 1240 1712 rbizomate
1269 1669 1390 1711 brevi
1417 1670 1536 1724 apice
1563 1670 1776 1723 paleaceo,

74 1728 307 1771 frondibus
330 1728 467 1770 firmis
491 1729 614 1772 elatis
637 1729 800 1783 glabris
837 1729 1032 1772 breviter
1064 1729 1278 1783 petiolatis
1311 1729 1396 1772 late
1433 1729 1775 1772 lanceolato-lin-

72 1788 236 1840 gulatis
263 1787 354 1829 basi
378 1787 566 1830 cordatis
593 1788 856 1831 rotundatim
885 1788 1183 1832 biauriculatis
1208 1789 1346 1831 acutis
1373 1789 1435 1830 vel
1470 1789 1640 1830 obtusis
1663 1801 1775 1830 mar-

76 1847 178 1900 gine
206 1846 390 1899 integris
419 1847 484 1888 vel
509 1847 695 1891 erosulis
728 1849 788 1894 Qt.
808 1847 935 1891 Sckb.
962 1848 1045 1894 tab.
1069 1849 1141 1890 83.
1170 1873 1220 1877 -
1252 1848 1510 1900 Aspleninm
1553 1846 1780 1899 Scolopen-

81 1905 230 1947 drium
253 1905 300 1948 L.
327 1905 399 1959 Sp.
430 1906 550 1948 ¹537.

128 1980 235 2016 Hab.
261 1981 300 2015 in
323 1981 477 2016 saxosis
500 1981 699 2017 umbrosis
717 1982 891 2027 regionis
913 1982 1137 2028 subalpinae
1169 1985 1207 2017 et
1227 1982 1389 2028 alpinae,
1415 1982 1569 2017 Graecia
1599 1981 1638 2015 in
1670 1990 1778 2016 inon-

78 2027 186 2062 tibus
207 2028 400 2073 Taygeto,
421 2027 578 2074 Delphi,
602 2028 774 2075 Olympo
808 2029 1003 2065 Thessalo
1040 2029 1230 2073 (Heldrl).
1272 2029 1506 2064 Macedonia
1542 2029 1583 2063 in
1619 2028 1777 2063 Athone

75 2074 259 2120 (Silani),
281 2075 604 2120 Cretaffleldrl),
624 2075 813 2112 Anatolia
832 2076 1006 2112 borealis
1021 2080 1058 2112 et
1080 2077 1231 2112 Pontus
1252 2076 1416 2112 Lazicus
1439 2075 1586 2120 (Ball),
1606 2075 1780 2110 Libanus

80 2122 176 2167 (Ky.
196 2122 317 2167 9461),
339 2123 539 2159 Caucasus
561 2126 598 2158 et
621 2122 933 2159 Transeaueasia
961 2124 1108 2169 (Led),
1148 2123 1408 2159 Kurdistania
1435 2124 1592 2158 Persica
1613 2123 1652 2156 in
1671 2132 1781 2156 mon-

73 2169 410 2261 tsiezusitlffilgssman
441 2172 479 2205 et
511 2169 673 2206 Schahu
702 2171 936 2217 (Hausskl),
968 2171 1103 2207 Persia
1137 2170 1308 2206 borealis
1344 2171 1383 2205 iu
1419 2180 1529 2215 prov.
1557 2168 1780 2205 Asterabad

130 2280 194 2334 Ar..
222 2279 355 2326 Geoqr.
392 2280 554 2335 Europa
580 2281 712 2318 media
736 2284 774 2317 et
797 2281 986 2317 australis
1012 2292 1036 2317 a
1064 2282 1330 2317 scandinavia
1362 2280 1601 2325 australiori,
1623 2279 1780 2332 Anglizt,

80 2326 216 2373 Belgio
253 2331 292 2363 et
326 2329 538 2364 Germama
570 2328 734 2364 australi
767 2329 816 2364 ad
848 2329 1032 2364 Bossiam
1067 2329 1248 2374 mediam,
1282 2329 1559 2373 'samonium-a,
1599 2328 1779 2373 Japoma.

78 2374 214 2410 Africa
230 2374 412 2420 borealis,
433 2375 576 2411 Insulae
600 2376 819 2421 Atlantidis,
840 2377 1021 2412 America
1038 2376 1222 2412 borealis.

142 2473 184 2514 2.
212 2472 250 2517 S
292 2473 652 2518 Hemionitis
687 2475 796 2526 (Sw.
833 2475 938 2529 Syn.
980 2490 1019 2530 p.
1059 2476 1133 2529 90)
1174 2476 1408 2517 rliizomate
1445 2474 1565 2516 brevi
1603 2474 1778 2527 obliquo

83 2533 218 2586 paleis
255 2534 389 2576 dense
421 2534 594 2585 vestito,
617 2534 845 2578 frondibus
883 2535 1019 2576 firmis
1051 2535 1220 2587 petiolis
1246 2536 1344 2589 plus
1379 2535 1522 2575 minus
1568 2534 1778 2585 palcaceis

83 2591 540 2646 suffultisjunioribus
567 2594 907 2637 cordato-ovatis
933 2594 1107 2636 tandem
1135 2592 1592 2645 oblongo-lanceolatis
1617 2592 1778 2634 acumi-

83 2651 195 2692 natis
224 2664 359 2704 supra
385 2651 503 2694 basin
524 2651 742 2694 dilatatam
774 2653 989 2707 profunde
1011 2653 1230 2694 cordulam
1253 2664 1367 2705 saepe
1392 2651 1662 2693 divaricatim
1683 2651 1781 2691 lias-

83 2709 435 2752 tato-2-4-lobam
462 2711 705 2754 constrictis
737 2712 918 2763 integris
954 2712 1018 2753 vel
1063 2711 1451 2755 undulato-crosis.
1475 2709 1585 2751 soris
1628 2710 1780 2751 abbre-

84 2768 211 2810 viatis
243 2770 302 2814 Qt.
327 2768 368 2811 S.
392 2768 651 2819 saumatam
679 2770 727 2811 D.
759 2771 803 2812 tl.
829 2770 889 2811 Fl.
917 2770 986 2812 Fr.
1011 2795 1065 2801 —
1091 2769 1131 2812 S.
1155 2769 1279 2811 breve
1306 2769 1464 2811 Bertol.
1485 2769 1602 2810 Misc.
1626 2769 1712 2810 tab.
1741 2771 1778 2808 5.

82 2852 138 2857 -—
162 2826 202 2869 S.
232 2826 516 2869 obcordatum
539 2829 666 2879 Bory.
694 2853 746 2859 —-
769 2829 821 2871 lc.
852 2829 980 2871 Sekli.
1010 2828 1092 2870 tab.
1117 2830 1186 2870 84.

135 2901 237 2937 Hah.
260 2903 297 2937 in
314 2902 483 2948 rupibus
505 2903 702 2939 umbrosis
722 2906 758 2938 et
782 2904 902 2939 muris
928 2904 1101 2949 regionis
1124 2903 1330 2943 inferioris,
1347 2903 1496 2937 (Alrwcin
1517 2902 1583 2937 (ex
1606 2901 1721 2936 Milde
1737 2903 1779 2942 !)‚

82 2948 221 2984 Cilicia
240 2949 430 2985 Tmehaea
450 2949 637 2993 (Pi-ronin
651 2953 691 2994 !)‚
709 2950 848 2986 Cilicia
871 2952 909 2985 in
931 2950 1035 2985 valle
1062 2950 1327 2994 Karlibogliaz
1347 2950 1438 2994 (ΚΥ.
1454 2950 1547 2989 lilii),
1583 2948 1780 2983 Pales-tina

84 2995 125 3030 in
145 2999 276 3032 monte
300 2997 471 3032 Garizim
496 3006 616 3044 prope
635 2998 695 3033 Na
713 2997 835 3033 ilouse
857 2997 1027 3042 (Gaium.
1046 2997 1224 3032 Libanus
1246 2997 1294 3031 ad
1328 2997 1454 3032 sontes
1477 2996 1551 3031 rivi
1581 2995 1779 3031 liadisclia

80 3045 125 3078 et
146 3044 183 3078 in
208 3046 340 3079 monte
357 3043 484 3079 Gebel
506 3044 653 3080 Kenisa
671 3045 688 3089 (
722 3044 941 3089 cliweins!).
