<?xml version="1.0" encoding="UTF-8"?>
<!DOCTYPE html PUBLIC "-//W3C//DTD XHTML 1.0 Transitional//EN"
    "http://www.w3.org/TR/xhtml1/DTD/xhtml1-transitional.dtd">
<html xmlns="http://www.w3.org/1999/xhtml" xml:lang="en" lang="en">
 <head>
  <title>
</title>
<meta http-equiv="Content-Type" content="text/html;charset=utf-8" />
  <meta name='ocr-system' content='tesseract 3.04.00' />
  <meta name='ocr-capabilities' content='ocr_page ocr_carea ocr_par ocr_line ocrx_word'/>
</head>
<body>
  <div class='ocr_page' id='page_1' title='image "./floraorientaliss05bois/floraorientaliss05bois_0470.png"; bbox 0 0 2062 3314; ppageno 0'>
   <div class='ocr_carea' id='block_1_1' title="bbox 261 176 1963 230">
    <p class='ocr_par' dir='ltr' id='par_1_1' title="bbox 261 176 1963 230">
     <span class='ocr_line' id='line_1_1' title="bbox 261 176 1963 230; baseline 0.004 -18"><span class='ocrx_word' id='word_1_1' title='bbox 261 176 336 212; x_wconf 78' lang='lat'>462</span> <span class='ocrx_word' id='word_1_2' title='bbox 1008 186 1245 213; x_wconf 56' lang='lat' dir='ltr'>GRAmssNEAE.</span> <span class='ocrx_word' id='word_1_3' title='bbox 1669 179 1963 230; x_wconf 55' lang='lat' dir='ltr'>Andropoqone.</span> 
     </span>
    </p>
   </div>
   <div class='ocr_carea' id='block_1_2' title="bbox 260 256 1977 550">
    <p class='ocr_par' dir='ltr' id='par_1_2' title="bbox 260 256 1977 550">
     <span class='ocr_line' id='line_1_2' title="bbox 261 256 1969 316; baseline 0.002 -16"><span class='ocrx_word' id='word_1_4' title='bbox 261 258 375 302; x_wconf 81' lang='lat' dir='ltr'>soliis</span> <span class='ocrx_word' id='word_1_5' title='bbox 417 257 558 311; x_wconf 90' lang='lat' dir='ltr'>planis</span> <span class='ocrx_word' id='word_1_6' title='bbox 595 256 834 300; x_wconf 80' lang='lat' dir='ltr'>linearibus</span> <span class='ocrx_word' id='word_1_7' title='bbox 867 258 1003 300; x_wconf 88' lang='lat' dir='ltr'>acutis</span> <span class='ocrx_word' id='word_1_8' title='bbox 1036 259 1200 302; x_wconf 78' lang='lat' dir='ltr'>scabris</span> <span class='ocrx_word' id='word_1_9' title='bbox 1253 259 1306 301; x_wconf 88' lang='lat' dir='ltr'>ad</span> <span class='ocrx_word' id='word_1_10' title='bbox 1349 261 1607 313; x_wconf 83' lang='lat' dir='ltr'>vaginarum</span> <span class='ocrx_word' id='word_1_11' title='bbox 1659 274 1706 304; x_wconf 90' lang='lat' dir='ltr'>os</span> <span class='ocrx_word' id='word_1_12' title='bbox 1752 263 1969 316; x_wconf 81' lang='lat' dir='ltr'>barbatis‚.</span> 
     </span>
     <span class='ocr_line' id='line_1_3' title="bbox 261 315 1977 373; baseline 0.003 -13"><span class='ocrx_word' id='word_1_13' title='bbox 261 317 394 371; x_wconf 88' lang='lat' dir='ltr'>spicis</span> <span class='ocrx_word' id='word_1_14' title='bbox 421 315 724 358; x_wconf 76' lang='lat' dir='ltr'><strong>terminalibus</strong></span> <span class='ocrx_word' id='word_1_15' title='bbox 748 316 969 367; x_wconf 79' lang='lat' dir='ltr'>solitariis,</span> <span class='ocrx_word' id='word_1_16' title='bbox 997 318 1173 361; x_wconf 81' lang='lat' dir='ltr'>rachide</span> <span class='ocrx_word' id='word_1_17' title='bbox 1205 319 1265 361; x_wconf 92' lang='lat' dir='ltr'>ad</span> <span class='ocrx_word' id='word_1_18' title='bbox 1299 317 1420 360; x_wconf 87' lang='lat' dir='ltr'>basin</span> <span class='ocrx_word' id='word_1_19' title='bbox 1451 320 1717 373; x_wconf 88' lang='lat' dir='ltr'>spicularum</span> <span class='ocrx_word' id='word_1_20' title='bbox 1752 324 1977 365; x_wconf 74' lang='lat' dir='ltr'>mascula-—</span> 
     </span>
     <span class='ocr_line' id='line_1_4' title="bbox 260 375 1963 430; baseline 0.004 -12"><span class='ocrx_word' id='word_1_21' title='bbox 260 388 357 418; x_wconf 90' lang='lat' dir='ltr'>rum</span> <span class='ocrx_word' id='word_1_22' title='bbox 384 375 546 429; x_wconf 77' lang='lat' dir='ltr'>glabra,</span> <span class='ocrx_word' id='word_1_23' title='bbox 575 375 859 418; x_wconf 87' lang='lat' dir='ltr'>feminearum</span> <span class='ocrx_word' id='word_1_24' title='bbox 883 376 1065 423; x_wconf 75' lang='lat' dir='ltr'>hirsuta,</span> <span class='ocrx_word' id='word_1_25' title='bbox 1089 378 1246 430; x_wconf 89' lang='lat' dir='ltr'>glumis</span> <span class='ocrx_word' id='word_1_26' title='bbox 1288 377 1466 430; x_wconf 81' lang='lat' dir='ltr'>spiculae</span> <span class='ocrx_word' id='word_1_27' title='bbox 1489 381 1690 423; x_wconf 81' lang='lat' dir='ltr'>masculae</span> <span class='ocrx_word' id='word_1_28' title='bbox 1718 380 1825 428; x_wconf 86' lang='lat' dir='ltr'>ciliis</span> <span class='ocrx_word' id='word_1_29' title='bbox 1867 382 1963 424; x_wconf 88' lang='lat' dir='ltr'>basi</span> 
     </span>
     <span class='ocr_line' id='line_1_5' title="bbox 262 434 1960 493; baseline 0.003 -16"><span class='ocrx_word' id='word_1_30' title='bbox 262 434 553 477; x_wconf 83' lang='lat' dir='ltr'>tuberculatis</span> <span class='ocrx_word' id='word_1_31' title='bbox 581 434 750 488; x_wconf 89' lang='lat' dir='ltr'>sparsis</span> <span class='ocrx_word' id='word_1_32' title='bbox 785 434 953 485; x_wconf 83' lang='lat' dir='ltr'>obsitis‚</span> <span class='ocrx_word' id='word_1_33' title='bbox 979 436 1176 478; x_wconf 73' lang='lat' dir='ltr'>femineae</span> <span class='ocrx_word' id='word_1_34' title='bbox 1198 436 1331 478; x_wconf 88' lang='lat' dir='ltr'>fuscis</span> <span class='ocrx_word' id='word_1_35' title='bbox 1364 436 1561 489; x_wconf 83' lang='lat' dir='ltr'>hispidis,</span> <span class='ocrx_word' id='word_1_36' title='bbox 1594 439 1741 481; x_wconf 87' lang='lat' dir='ltr'>aristis</span> <span class='ocrx_word' id='word_1_37' title='bbox 1766 439 1960 493; x_wconf 89' lang='lat' dir='ltr'>longissi-</span> 
     </span>
     <span class='ocr_line' id='line_1_6' title="bbox 261 491 1762 550; baseline 0.002 -15"><span class='ocrx_word' id='word_1_38' title='bbox 261 495 340 537; x_wconf 87' lang='lat' dir='ltr'>mis</span> <span class='ocrx_word' id='word_1_39' title='bbox 367 494 562 547; x_wconf 84' lang='lat' dir='ltr'>undique</span> <span class='ocrx_word' id='word_1_40' title='bbox 585 491 928 545; x_wconf 78' lang='lat' dir='ltr'>pubescentibus</span> <span class='ocrx_word' id='word_1_41' title='bbox 961 495 1022 540; x_wconf 70' lang='lat' dir='ltr'>Qt.</span> <span class='ocrx_word' id='word_1_42' title='bbox 1048 494 1102 535; x_wconf 89' lang='lat' dir='ltr'>H.</span> <span class='ocrx_word' id='word_1_43' title='bbox 1127 493 1274 536; x_wconf 73' lang='lat' dir='ltr'>hirtus</span> <span class='ocrx_word' id='word_1_44' title='bbox 1301 495 1422 537; x_wconf 85' lang='lat' dir='ltr'>Pers.</span> <span class='ocrx_word' id='word_1_45' title='bbox 1450 495 1551 548; x_wconf 87' lang='lat' dir='ltr'>Syn.</span> <span class='ocrx_word' id='word_1_46' title='bbox 1581 496 1635 550; x_wconf 86' lang='grc' dir='ltr'>ΙΙ,</span> <span class='ocrx_word' id='word_1_47' title='bbox 1665 498 1762 539; x_wconf 82' lang='lat'><strong>533.</strong></span> 
     </span>
    </p>
   </div>
   <div class='ocr_carea' id='block_1_3' title="bbox 256 566 1961 660">
    <p class='ocr_par' dir='ltr' id='par_1_3' title="bbox 256 566 1961 660">
     <span class='ocr_line' id='line_1_7' title="bbox 305 566 1961 615; baseline 0.003 -11"><span class='ocrx_word' id='word_1_48' title='bbox 305 569 408 604; x_wconf 83' lang='lat' dir='ltr'>Hah.</span> <span class='ocrx_word' id='word_1_49' title='bbox 429 569 467 603; x_wconf 84' lang='lat' dir='ltr'>in</span> <span class='ocrx_word' id='word_1_50' title='bbox 490 566 712 612; x_wconf 79' lang='lat' dir='ltr'>Affghaniae</span> <span class='ocrx_word' id='word_1_51' title='bbox 730 567 835 602; x_wconf 86' lang='lat' dir='ltr'>valle</span> <span class='ocrx_word' id='word_1_52' title='bbox 854 567 1026 603; x_wconf 85' lang='lat' dir='ltr'>Kurrum</span> <span class='ocrx_word' id='word_1_53' title='bbox 1045 569 1144 603; x_wconf 87' lang='lat' dir='ltr'>inter</span> <span class='ocrx_word' id='word_1_54' title='bbox 1162 568 1264 603; x_wconf 76' lang='lat' dir='ltr'>Thai</span> <span class='ocrx_word' id='word_1_55' title='bbox 1289 571 1326 603; x_wconf 89' lang='lat' dir='ltr'>et</span> <span class='ocrx_word' id='word_1_56' title='bbox 1344 568 1531 604; x_wconf 86' lang='lat' dir='ltr'>Munduri</span> <span class='ocrx_word' id='word_1_57' title='bbox 1555 572 1775 607; x_wconf 86' lang='lat' dir='ltr'>communis</span> <span class='ocrx_word' id='word_1_58' title='bbox 1810 572 1961 615; x_wconf 74' lang='lat' dir='ltr'>(Aitch.</span> 
     </span>
     <span class='ocr_line' id='line_1_8' title="bbox 256 613 1378 660; baseline -0.001 -9"><span class='ocrx_word' id='word_1_59' title='bbox 256 616 391 652; x_wconf 85' lang='lat' dir='ltr'>Journ.</span> <span class='ocrx_word' id='word_1_60' title='bbox 420 615 534 650; x_wconf 88' lang='lat' dir='ltr'>Linn.</span> <span class='ocrx_word' id='word_1_61' title='bbox 561 614 646 649; x_wconf 82' lang='lat' dir='ltr'>Sco.</span> <span class='ocrx_word' id='word_1_62' title='bbox 669 613 770 657; x_wconf 87' lang='lat' dir='ltr'>XIX,</span> <span class='ocrx_word' id='word_1_63' title='bbox 791 625 825 660; x_wconf 89' lang='lat' dir='ltr'>p.</span> <span class='ocrx_word' id='word_1_64' title='bbox 846 615 945 659; x_wconf 82' lang='lat'><strong>101).</strong></span> <span class='ocrx_word' id='word_1_65' title='bbox 968 615 999 649; x_wconf 87' lang='lat' dir='ltr'>E</span> <span class='ocrx_word' id='word_1_66' title='bbox 1019 615 1167 651; x_wconf 81' lang='lat' dir='ltr'>ditione</span> <span class='ocrx_word' id='word_1_67' title='bbox 1186 626 1264 651; x_wconf 88' lang='lat' dir='ltr'>non</span> <span class='ocrx_word' id='word_1_68' title='bbox 1285 616 1378 650; x_wconf 89' lang='lat' dir='ltr'>vidi.</span> 
     </span>
    </p>
   </div>
   <div class='ocr_carea' id='block_1_4' title="bbox 257 679 1961 774">
    <p class='ocr_par' dir='ltr' id='par_1_4' title="bbox 257 679 1961 774">
     <span class='ocr_line' id='line_1_9' title="bbox 305 679 1961 729; baseline 0.002 -12"><span class='ocrx_word' id='word_1_69' title='bbox 305 682 369 717; x_wconf 89' lang='lat' dir='ltr'>Ar.</span> <span class='ocrx_word' id='word_1_70' title='bbox 390 682 524 725; x_wconf 78' lang='lat' dir='ltr'>Geoqr.</span> <span class='ocrx_word' id='word_1_71' title='bbox 553 679 648 714; x_wconf 82' lang='lat' dir='ltr'>Asia</span> <span class='ocrx_word' id='word_1_72' title='bbox 666 679 818 725; x_wconf 84' lang='lat' dir='ltr'>tropica</span> <span class='ocrx_word' id='word_1_73' title='bbox 839 681 876 714; x_wconf 87' lang='lat' dir='ltr'>et</span> <span class='ocrx_word' id='word_1_74' title='bbox 897 679 1133 726; x_wconf 80' lang='lat' dir='ltr'>subtropiea,</span> <span class='ocrx_word' id='word_1_75' title='bbox 1153 680 1286 715; x_wconf 78' lang='lat' dir='ltr'>Africa</span> <span class='ocrx_word' id='word_1_76' title='bbox 1306 680 1466 726; x_wconf 83' lang='lat' dir='ltr'>tropica,</span> <span class='ocrx_word' id='word_1_77' title='bbox 1485 680 1526 717; x_wconf 89' lang='lat' dir='ltr'>P.</span> <span class='ocrx_word' id='word_1_78' title='bbox 1546 682 1584 717; x_wconf 90' lang='lat' dir='ltr'>B.</span> <span class='ocrx_word' id='word_1_79' title='bbox 1606 682 1710 729; x_wconf 86' lang='lat' dir='ltr'>Spei,</span> <span class='ocrx_word' id='word_1_80' title='bbox 1729 682 1843 719; x_wconf 82' lang='lat' dir='ltr'>Nova</span> <span class='ocrx_word' id='word_1_81' title='bbox 1861 684 1961 720; x_wconf 91' lang='lat' dir='ltr'>Hol-</span> 
     </span>
     <span class='ocr_line' id='line_1_10' title="bbox 257 727 620 774; baseline -0.006 -10"><span class='ocrx_word' id='word_1_82' title='bbox 257 728 408 774; x_wconf 84' lang='lat' dir='ltr'>landia,</span> <span class='ocrx_word' id='word_1_83' title='bbox 429 727 620 763; x_wconf 85' lang='lat' dir='ltr'>America.</span> 
     </span>
    </p>
   </div>
   <div class='ocr_carea' id='block_1_5' title="bbox 624 860 1593 923">
    <p class='ocr_par' dir='ltr' id='par_1_5' title="bbox 624 860 1593 923">
     <span class='ocr_line' id='line_1_11' title="bbox 624 860 1593 923; baseline 0.001 -15"><span class='ocrx_word' id='word_1_84' title='bbox 624 860 960 909; x_wconf 76' lang='lat' dir='ltr'><strong>ANDROPOGON</strong></span> <span class='ocrx_word' id='word_1_85' title='bbox 997 860 1055 922; x_wconf 86' lang='lat' dir='ltr'>(L.</span> <span class='ocrx_word' id='word_1_86' title='bbox 1092 861 1190 909; x_wconf 82' lang='lat' dir='ltr'>Gen.</span> <span class='ocrx_word' id='word_1_87' title='bbox 1221 860 1337 909; x_wconf 72' lang='lat'>‘11⁴5</span> <span class='ocrx_word' id='word_1_88' title='bbox 1369 875 1414 910; x_wconf 82' lang='lat' dir='ltr'>ex</span> <span class='ocrx_word' id='word_1_89' title='bbox 1443 864 1593 923; x_wconf 82' lang='lat' dir='ltr'>parte).</span> 
     </span>
    </p>
   </div>
   <div class='ocr_carea' id='block_1_6' title="bbox 245 996 1963 1642">
    <p class='ocr_par' dir='ltr' id='par_1_6' title="bbox 245 996 1963 1642">
     <span class='ocr_line' id='line_1_12' title="bbox 313 996 1963 1055; baseline 0 -14"><span class='ocrx_word' id='word_1_90' title='bbox 313 998 499 1052; x_wconf 82' lang='lat' dir='ltr'>Spienlae</span> <span class='ocrx_word' id='word_1_91' title='bbox 530 998 573 1039; x_wconf 86' lang='lat' dir='ltr'>in</span> <span class='ocrx_word' id='word_1_92' title='bbox 609 997 828 1050; x_wconf 88' lang='lat' dir='ltr'>spicarum</span> <span class='ocrx_word' id='word_1_93' title='bbox 855 996 1050 1039; x_wconf 78' lang='lat' dir='ltr'>articulis</span> <span class='ocrx_word' id='word_1_94' title='bbox 1080 996 1262 1048; x_wconf 84' lang='lat' dir='ltr'>geminae</span> <span class='ocrx_word' id='word_1_95' title='bbox 1288 996 1563 1050; x_wconf 74' lang='lat' dir='ltr'>(terminales</span> <span class='ocrx_word' id='word_1_96' title='bbox 1597 998 1742 1041; x_wconf 89' lang='lat' dir='ltr'>rarius</span> <span class='ocrx_word' id='word_1_97' title='bbox 1789 999 1963 1055; x_wconf 60' lang='lat' dir='ltr'>ternae)⁴</span> 
     </span>
     <span class='ocr_line' id='line_1_13' title="bbox 254 1055 1952 1109; baseline 0.001 -10"><span class='ocrx_word' id='word_1_98' title='bbox 254 1058 389 1101; x_wconf 87' lang='lat' dir='ltr'>altera</span> <span class='ocrx_word' id='word_1_99' title='bbox 418 1057 586 1100; x_wconf 83' lang='lat' dir='ltr'>sessilis</span> <span class='ocrx_word' id='word_1_100' title='bbox 619 1056 985 1109; x_wconf 81' lang='lat' dir='ltr'>hermaphrodita,</span> <span class='ocrx_word' id='word_1_101' title='bbox 1009 1056 1142 1097; x_wconf 86' lang='lat' dir='ltr'>allera</span> <span class='ocrx_word' id='word_1_102' title='bbox 1174 1055 1427 1108; x_wconf 87' lang='lat' dir='ltr'>pedicellata</span> <span class='ocrx_word' id='word_1_103' title='bbox 1464 1057 1650 1099; x_wconf 89' lang='lat' dir='ltr'>mascula</span> <span class='ocrx_word' id='word_1_104' title='bbox 1685 1059 1753 1099; x_wconf 87' lang='lat' dir='ltr'>vel</span> <span class='ocrx_word' id='word_1_105' title='bbox 1795 1063 1952 1101; x_wconf 89' lang='lat' dir='ltr'>neutra</span> 
     </span>
     <span class='ocr_line' id='line_1_14' title="bbox 254 1114 1959 1169; baseline 0.001 -11"><span class='ocrx_word' id='word_1_106' title='bbox 254 1122 296 1158; x_wconf 84' lang='lat' dir='ltr'>et</span> <span class='ocrx_word' id='word_1_107' title='bbox 330 1120 434 1159; x_wconf 84' lang='lat' dir='ltr'>tunc</span> <span class='ocrx_word' id='word_1_108' title='bbox 469 1116 672 1169; x_wconf 81' lang='lat' dir='ltr'>glumella</span> <span class='ocrx_word' id='word_1_109' title='bbox 711 1120 754 1156; x_wconf 90' lang='lat' dir='ltr'>et</span> <span class='ocrx_word' id='word_1_110' title='bbox 783 1115 904 1167; x_wconf 75' lang='lat' dir='ltr'>palea</span> <span class='ocrx_word' id='word_1_111' title='bbox 932 1115 1152 1156; x_wconf 85' lang='lat' dir='ltr'>destituta.</span> <span class='ocrx_word' id='word_1_112' title='bbox 1178 1114 1362 1156; x_wconf 81' lang='lat' dir='ltr'>Flosculi</span> <span class='ocrx_word' id='word_1_113' title='bbox 1387 1114 1475 1156; x_wconf 89' lang='lat' dir='ltr'>bini</span> <span class='ocrx_word' id='word_1_114' title='bbox 1502 1116 1684 1157; x_wconf 77' lang='lat' dir='ltr'>interior</span> <span class='ocrx_word' id='word_1_115' title='bbox 1716 1121 1876 1159; x_wconf 85' lang='lat' dir='ltr'>neuter</span> <span class='ocrx_word' id='word_1_116' title='bbox 1898 1119 1959 1160; x_wconf 84' lang='lat' dir='ltr'>ad</span> 
     </span>
     <span class='ocr_line' id='line_1_15' title="bbox 251 1173 1951 1229; baseline 0.001 -11"><span class='ocrx_word' id='word_1_117' title='bbox 251 1177 500 1229; x_wconf 83' lang='lat' dir='ltr'>glumellam</span> <span class='ocrx_word' id='word_1_118' title='bbox 528 1175 895 1216; x_wconf 88' lang='lat' dir='ltr'>membranaceam</span> <span class='ocrx_word' id='word_1_119' title='bbox 922 1174 1130 1216; x_wconf 87' lang='lat' dir='ltr'>reductus</span> <span class='ocrx_word' id='word_1_120' title='bbox 1154 1173 1375 1216; x_wconf 87' lang='lat' dir='ltr'>interdum</span> <span class='ocrx_word' id='word_1_121' title='bbox 1399 1173 1563 1215; x_wconf 90' lang='lat' dir='ltr'>nullus.</span> <span class='ocrx_word' id='word_1_122' title='bbox 1587 1174 1813 1218; x_wconf 84' lang='lat' dir='ltr'>Glumellae</span> <span class='ocrx_word' id='word_1_123' title='bbox 1840 1176 1951 1220; x_wconf 68' lang='lat' dir='ltr'>binae</span> 
     </span>
     <span class='ocr_line' id='line_1_16' title="bbox 248 1231 1950 1288; baseline 0 -11"><span class='ocrx_word' id='word_1_124' title='bbox 248 1236 478 1278; x_wconf 82' lang='lat' dir='ltr'>flosculum</span> <span class='ocrx_word' id='word_1_125' title='bbox 516 1236 776 1286; x_wconf 80' lang='lat' dir='ltr'>superantes</span> <span class='ocrx_word' id='word_1_126' title='bbox 803 1233 986 1275; x_wconf 72' lang='lat' dir='ltr'>nniticae.</span> <span class='ocrx_word' id='word_1_127' title='bbox 1012 1231 1226 1274; x_wconf 89' lang='lat' dir='ltr'>Glumella</span> <span class='ocrx_word' id='word_1_128' title='bbox 1252 1233 1419 1274; x_wconf 82' lang='lat' dir='ltr'>flosculi</span> <span class='ocrx_word' id='word_1_129' title='bbox 1454 1232 1797 1288; x_wconf 81' lang='lat' dir='ltr'>hermaphroditi</span> <span class='ocrx_word' id='word_1_130' title='bbox 1825 1236 1950 1288; x_wconf 81' lang='lat' dir='ltr'>apice</span> 
     </span>
     <span class='ocr_line' id='line_1_17' title="bbox 249 1290 1948 1347; baseline 0.001 -12"><span class='ocrx_word' id='word_1_131' title='bbox 249 1294 411 1347; x_wconf 74' lang='lat' dir='ltr'>saepius</span> <span class='ocrx_word' id='word_1_132' title='bbox 439 1293 569 1335; x_wconf 73' lang='lat' dir='ltr'>bifida</span> <span class='ocrx_word' id='word_1_133' title='bbox 595 1292 948 1344; x_wconf 82' lang='lat' dir='ltr'>brevis&#39;angusta</span> <span class='ocrx_word' id='word_1_134' title='bbox 976 1292 1100 1343; x_wconf 85' lang='lat' dir='ltr'>longe</span> <span class='ocrx_word' id='word_1_135' title='bbox 1141 1290 1317 1333; x_wconf 87' lang='lat' dir='ltr'>aristata</span> <span class='ocrx_word' id='word_1_136' title='bbox 1353 1291 1418 1332; x_wconf 87' lang='lat' dir='ltr'>vel</span> <span class='ocrx_word' id='word_1_137' title='bbox 1455 1291 1506 1332; x_wconf 87' lang='lat' dir='ltr'>ad</span> <span class='ocrx_word' id='word_1_138' title='bbox 1541 1292 1719 1335; x_wconf 87' lang='lat' dir='ltr'>aristam</span> <span class='ocrx_word' id='word_1_139' title='bbox 1750 1293 1948 1345; x_wconf 83' lang='lat' dir='ltr'>reducta,</span> 
     </span>
     <span class='ocr_line' id='line_1_18' title="bbox 247 1349 1958 1407; baseline 0.001 -13"><span class='ocrx_word' id='word_1_140' title='bbox 247 1354 371 1407; x_wconf 87' lang='lat' dir='ltr'>palea</span> <span class='ocrx_word' id='word_1_141' title='bbox 411 1352 701 1394; x_wconf 88' lang='lat' dir='ltr'>minutissima</span> <span class='ocrx_word' id='word_1_142' title='bbox 751 1351 909 1403; x_wconf 81' lang='lat' dir='ltr'>saepius</span> <span class='ocrx_word' id='word_1_143' title='bbox 954 1350 1176 1392; x_wconf 72' lang='lat' dir='ltr'>deficiens</span> <span class='ocrx_word' id='word_1_144' title='bbox 1220 1349 1470 1404; x_wconf 72' lang='lat' dir='ltr'>Squamulze</span> <span class='ocrx_word' id='word_1_145' title='bbox 1509 1351 1620 1392; x_wconf 80' lang='lat' dir='ltr'>binae</span> <span class='ocrx_word' id='word_1_146' title='bbox 1665 1352 1958 1396; x_wconf 86' lang='lat' dir='ltr'>subearnosae·</span> 
     </span>
     <span class='ocr_line' id='line_1_19' title="bbox 248 1408 1946 1464; baseline 0 -10"><span class='ocrx_word' id='word_1_147' title='bbox 248 1415 459 1455; x_wconf 61' lang='lat' dir='ltr'>truncata}</span> <span class='ocrx_word' id='word_1_148' title='bbox 481 1410 641 1463; x_wconf 80' lang='lat' dir='ltr'>glabrae</span> <span class='ocrx_word' id='word_1_149' title='bbox 683 1409 875 1451; x_wconf 79' lang='lat' dir='ltr'>Stamina</span> <span class='ocrx_word' id='word_1_150' title='bbox 899 1411 936 1450; x_wconf 83' lang='lat'>3.</span> <span class='ocrx_word' id='word_1_151' title='bbox 964 1409 1072 1463; x_wconf 86' lang='lat' dir='ltr'>Styli</span> <span class='ocrx_word' id='word_1_152' title='bbox 1097 1409 1185 1451; x_wconf 89' lang='lat' dir='ltr'>bini</span> <span class='ocrx_word' id='word_1_153' title='bbox 1211 1409 1476 1452; x_wconf 82' lang='lat' dir='ltr'>terminales.</span> <span class='ocrx_word' id='word_1_154' title='bbox 1507 1408 1714 1463; x_wconf 80' lang='lat' dir='ltr'>Stigmata</span> <span class='ocrx_word' id='word_1_155' title='bbox 1748 1411 1946 1464; x_wconf 87' lang='lat' dir='ltr'>elongata</span> 
     </span>
     <span class='ocr_line' id='line_1_20' title="bbox 249 1467 1947 1523; baseline 0.001 -12"><span class='ocrx_word' id='word_1_156' title='bbox 249 1471 386 1513; x_wconf 86' lang='lat' dir='ltr'>dense</span> <span class='ocrx_word' id='word_1_157' title='bbox 411 1471 610 1523; x_wconf 89' lang='lat' dir='ltr'>plumosa</span> <span class='ocrx_word' id='word_1_158' title='bbox 648 1469 884 1511; x_wconf 79' lang='lat' dir='ltr'>lateraliter</span> <span class='ocrx_word' id='word_1_159' title='bbox 915 1468 1194 1521; x_wconf 82' lang='lat' dir='ltr'>emergentia.</span> <span class='ocrx_word' id='word_1_160' title='bbox 1223 1467 1456 1521; x_wconf 79' lang='lat' dir='ltr'>Caryopsis</span> <span class='ocrx_word' id='word_1_161' title='bbox 1481 1468 1664 1522; x_wconf 85' lang='lat' dir='ltr'>oblonga</span> <span class='ocrx_word' id='word_1_162' title='bbox 1701 1469 1836 1512; x_wconf 87' lang='lat' dir='ltr'>libera</span> <span class='ocrx_word' id='word_1_163' title='bbox 1861 1471 1947 1513; x_wconf 87' lang='lat' dir='ltr'>hilo</span> 
     </span>
     <span class='ocr_line' id='line_1_21' title="bbox 249 1527 1956 1583; baseline 0 -11"><span class='ocrx_word' id='word_1_164' title='bbox 249 1529 527 1583; x_wconf 84' lang='lat' dir='ltr'>punctiformi</span> <span class='ocrx_word' id='word_1_165' title='bbox 562 1528 613 1570; x_wconf 88' lang='lat' dir='ltr'>ad</span> <span class='ocrx_word' id='word_1_166' title='bbox 653 1528 774 1569; x_wconf 85' lang='lat' dir='ltr'>basin</span> <span class='ocrx_word' id='word_1_167' title='bbox 805 1528 924 1569; x_wconf 82' lang='lat' dir='ltr'>faciei</span> <span class='ocrx_word' id='word_1_168' title='bbox 957 1528 1182 1570; x_wconf 88' lang='lat' dir='ltr'>ventralis.</span> <span class='ocrx_word' id='word_1_169' title='bbox 1213 1551 1267 1556; x_wconf 96' lang='lat'><strong>—</strong></span> <span class='ocrx_word' id='word_1_170' title='bbox 1300 1527 1454 1568; x_wconf 82' lang='lat' dir='ltr'>Herbae</span> <span class='ocrx_word' id='word_1_171' title='bbox 1480 1539 1595 1581; x_wconf 77' lang='lat' dir='ltr'>saepe</span> <span class='ocrx_word' id='word_1_172' title='bbox 1619 1529 1742 1570; x_wconf 74' lang='lat' dir='ltr'>elatae</span> <span class='ocrx_word' id='word_1_173' title='bbox 1765 1530 1956 1583; x_wconf 64' lang='lat' dir='ltr'>spiculis&gt;</span> 
     </span>
     <span class='ocr_line' id='line_1_22' title="bbox 245 1586 1813 1642; baseline -0.001 -11"><span class='ocrx_word' id='word_1_174' title='bbox 245 1591 287 1631; x_wconf 85' lang='lat' dir='ltr'>in</span> <span class='ocrx_word' id='word_1_175' title='bbox 315 1589 457 1642; x_wconf 87' lang='lat' dir='ltr'>spicas</span> <span class='ocrx_word' id='word_1_176' title='bbox 483 1588 604 1630; x_wconf 87' lang='lat' dir='ltr'>varie</span> <span class='ocrx_word' id='word_1_177' title='bbox 630 1587 861 1640; x_wconf 89' lang='lat' dir='ltr'>dispositas</span> <span class='ocrx_word' id='word_1_178' title='bbox 885 1586 1135 1638; x_wconf 86' lang='lat' dir='ltr'>imbricatis,</span> <span class='ocrx_word' id='word_1_179' title='bbox 1159 1586 1335 1628; x_wconf 83' lang='lat' dir='ltr'>rachide</span> <span class='ocrx_word' id='word_1_180' title='bbox 1362 1587 1459 1640; x_wconf 88' lang='lat' dir='ltr'>plus</span> <span class='ocrx_word' id='word_1_181' title='bbox 1486 1587 1630 1629; x_wconf 90' lang='lat' dir='ltr'>minus</span> <span class='ocrx_word' id='word_1_182' title='bbox 1661 1587 1813 1641; x_wconf 77' lang='lat' dir='ltr'>pilosa.</span> 
     </span>
    </p>
   </div>
   <div class='ocr_carea' id='block_1_7' title="bbox 246 1732 1948 1846">
    <p class='ocr_par' dir='ltr' id='par_1_7' title="bbox 246 1732 1948 1846">
     <span class='ocr_line' id='line_1_23' title="bbox 246 1732 1948 1788; baseline 0 -11"><span class='ocrx_word' id='word_1_183' title='bbox 246 1734 354 1778; x_wconf 63' lang='lat' dir='ltr'>Sam*</span> <span class='ocrx_word' id='word_1_184' title='bbox 373 1735 406 1776; x_wconf 95' lang='lat' dir='ltr'>I.</span> <span class='ocrx_word' id='word_1_185' title='bbox 442 1732 895 1777; x_wconf 81' lang='lat' dir='ltr'>SCHIZACHYRIUM</span> <span class='ocrx_word' id='word_1_186' title='bbox 924 1733 1079 1776; x_wconf 80' lang='lat' dir='ltr'>Bentli.</span> <span class='ocrx_word' id='word_1_187' title='bbox 1109 1733 1168 1775; x_wconf 85' lang='lat' dir='ltr'>Fl.</span> <span class='ocrx_word' id='word_1_188' title='bbox 1205 1732 1358 1776; x_wconf 82' lang='lat' dir='ltr'>Austr.</span> <span class='ocrx_word' id='word_1_189' title='bbox 1387 1757 1439 1762; x_wconf 89' lang='lat'>——</span> <span class='ocrx_word' id='word_1_190' title='bbox 1464 1733 1601 1788; x_wconf 78' lang='lat' dir='ltr'>Spicae</span> <span class='ocrx_word' id='word_1_191' title='bbox 1631 1735 1681 1777; x_wconf 85' lang='lat' dir='ltr'>ad</span> <span class='ocrx_word' id='word_1_192' title='bbox 1712 1734 1843 1777; x_wconf 88' lang='lat' dir='ltr'>culmi</span> <span class='ocrx_word' id='word_1_193' title='bbox 1871 1735 1948 1779; x_wconf 84' lang='lat' dir='ltr'>vel-</span> 
     </span>
     <span class='ocr_line' id='line_1_24' title="bbox 705 1792 1486 1846; baseline 0 -12"><span class='ocrx_word' id='word_1_194' title='bbox 705 1793 799 1846; x_wconf 85' lang='lat' dir='ltr'>ejus</span> <span class='ocrx_word' id='word_1_195' title='bbox 828 1805 1050 1834; x_wconf 90' lang='lat' dir='ltr'>ramorum</span> <span class='ocrx_word' id='word_1_196' title='bbox 1075 1792 1241 1845; x_wconf 89' lang='lat' dir='ltr'>apicem</span> <span class='ocrx_word' id='word_1_197' title='bbox 1269 1793 1486 1835; x_wconf 80' lang='lat' dir='ltr'>solitariae.</span> 
     </span>
    </p>
   </div>
   <div class='ocr_carea' id='block_1_8' title="bbox 225 1894 1950 2775">
    <p class='ocr_par' dir='ltr' id='par_1_8' title="bbox 225 1894 1950 2775">
     <span class='ocr_line' id='line_1_25' title="bbox 305 1894 1950 1949; baseline 0 -10"><span class='ocrx_word' id='word_1_198' title='bbox 305 1899 339 1939; x_wconf 87' lang='lat'>1.</span> <span class='ocrx_word' id='word_1_199' title='bbox 366 1897 426 1941; x_wconf 82' lang='lat' dir='ltr'>A.</span> <span class='ocrx_word' id='word_1_200' title='bbox 451 1895 783 1939; x_wconf 76' lang='lat' dir='ltr'>foveolatus</span> <span class='ocrx_word' id='word_1_201' title='bbox 810 1895 966 1947; x_wconf 85' lang='lat' dir='ltr'>(Delile</span> <span class='ocrx_word' id='word_1_202' title='bbox 992 1894 1065 1948; x_wconf 83' lang='lat' dir='ltr'>Eg.</span> <span class='ocrx_word' id='word_1_203' title='bbox 1094 1897 1159 1949; x_wconf 83' lang='lat'>16,</span> <span class='ocrx_word' id='word_1_204' title='bbox 1184 1895 1268 1936; x_wconf 88' lang='lat' dir='ltr'>tab.</span> <span class='ocrx_word' id='word_1_205' title='bbox 1287 1896 1312 1937; x_wconf 88' lang='grc'>8</span> <span class='ocrx_word' id='word_1_206' title='bbox 1341 1895 1411 1946; x_wconf 85' lang='lat' dir='ltr'>fig.</span> <span class='ocrx_word' id='word_1_207' title='bbox 1442 1895 1487 1949; x_wconf 70' lang='grc' dir='ltr'>Ξ)</span> <span class='ocrx_word' id='word_1_208' title='bbox 1513 1896 1726 1949; x_wconf 77' lang='lat' dir='ltr'>perennis·</span> <span class='ocrx_word' id='word_1_209' title='bbox 1745 1897 1950 1949; x_wconf 61' lang='lat' dir='ltr'>glauces⁷</span> 
     </span>
     <span class='ocr_line' id='line_1_26' title="bbox 240 1953 1938 2009; baseline 0 -11"><span class='ocrx_word' id='word_1_210' title='bbox 240 1969 343 1998; x_wconf 86' lang='lat' dir='ltr'>cens</span> <span class='ocrx_word' id='word_1_211' title='bbox 367 1956 626 2009; x_wconf 86' lang='lat' dir='ltr'>cespitosus‚</span> <span class='ocrx_word' id='word_1_212' title='bbox 652 1954 794 1996; x_wconf 85' lang='lat' dir='ltr'>radice</span> <span class='ocrx_word' id='word_1_213' title='bbox 812 1954 987 2003; x_wconf 75' lang='lat' dir='ltr'>fibrosa‚</span> <span class='ocrx_word' id='word_1_214' title='bbox 1004 1954 1158 1996; x_wconf 88' lang='lat' dir='ltr'>culmis</span> <span class='ocrx_word' id='word_1_215' title='bbox 1182 1954 1339 1995; x_wconf 88' lang='lat' dir='ltr'>erectis</span> <span class='ocrx_word' id='word_1_216' title='bbox 1360 1954 1425 1996; x_wconf 88' lang='lat' dir='ltr'>vel</span> <span class='ocrx_word' id='word_1_217' title='bbox 1450 1953 1789 1998; x_wconf 84' lang='lat' dir='ltr'>ascendentibus</span> <span class='ocrx_word' id='word_1_218' title='bbox 1817 1956 1938 1998; x_wconf 88' lang='lat' dir='ltr'>folio-</span> 
     </span>
     <span class='ocr_line' id='line_1_27' title="bbox 239 2012 1936 2067; baseline -0.001 -9"><span class='ocrx_word' id='word_1_219' title='bbox 239 2016 300 2058; x_wconf 90' lang='lat' dir='ltr'>sis</span> <span class='ocrx_word' id='word_1_220' title='bbox 324 2015 374 2057; x_wconf 88' lang='lat' dir='ltr'>ad</span> <span class='ocrx_word' id='word_1_221' title='bbox 410 2015 546 2057; x_wconf 89' lang='lat' dir='ltr'>nodos</span> <span class='ocrx_word' id='word_1_222' title='bbox 573 2014 700 2056; x_wconf 86' lang='lat' dir='ltr'>hirtis</span> <span class='ocrx_word' id='word_1_223' title='bbox 728 2012 997 2067; x_wconf 88' lang='lat' dir='ltr'>simplicibus</span> <span class='ocrx_word' id='word_1_224' title='bbox 1024 2013 1088 2054; x_wconf 82' lang='lat' dir='ltr'>vel</span> <span class='ocrx_word' id='word_1_225' title='bbox 1112 2026 1164 2054; x_wconf 81' lang='lat' dir='ltr'>ex</span> <span class='ocrx_word' id='word_1_226' title='bbox 1192 2013 1334 2054; x_wconf 87' lang='lat' dir='ltr'>axillis</span> <span class='ocrx_word' id='word_1_227' title='bbox 1358 2013 1558 2066; x_wconf 83' lang='lat' dir='ltr'>ramosis,</span> <span class='ocrx_word' id='word_1_228' title='bbox 1587 2014 1701 2056; x_wconf 89' lang='lat' dir='ltr'>foliis</span> <span class='ocrx_word' id='word_1_229' title='bbox 1726 2014 1936 2058; x_wconf 87' lang='lat' dir='ltr'>brevibus</span> 
     </span>
     <span class='ocr_line' id='line_1_28' title="bbox 237 2072 1936 2128; baseline -0.001 -11"><span class='ocrx_word' id='word_1_230' title='bbox 237 2077 418 2128; x_wconf 85' lang='lat' dir='ltr'>anguste</span> <span class='ocrx_word' id='word_1_231' title='bbox 463 2073 700 2115; x_wconf 86' lang='lat' dir='ltr'>linearibus</span> <span class='ocrx_word' id='word_1_232' title='bbox 742 2073 908 2125; x_wconf 81' lang='lat' dir='ltr'>plicatis</span> <span class='ocrx_word' id='word_1_233' title='bbox 943 2072 1080 2114; x_wconf 88' lang='lat' dir='ltr'>acutis</span> <span class='ocrx_word' id='word_1_234' title='bbox 1126 2072 1297 2114; x_wconf 85' lang='lat' dir='ltr'>inferne</span> <span class='ocrx_word' id='word_1_235' title='bbox 1334 2072 1386 2113; x_wconf 89' lang='lat' dir='ltr'>ad</span> <span class='ocrx_word' id='word_1_236' title='bbox 1426 2073 1646 2125; x_wconf 86' lang='lat' dir='ltr'>margines</span> <span class='ocrx_word' id='word_1_237' title='bbox 1684 2076 1727 2114; x_wconf 83' lang='lat' dir='ltr'>et</span> <span class='ocrx_word' id='word_1_238' title='bbox 1769 2075 1936 2127; x_wconf 88' lang='lat' dir='ltr'>vaginis</span> 
     </span>
     <span class='ocr_line' id='line_1_29' title="bbox 235 2131 1943 2188; baseline 0 -13"><span class='ocrx_word' id='word_1_239' title='bbox 235 2146 355 2175; x_wconf 88' lang='lat' dir='ltr'>oram</span> <span class='ocrx_word' id='word_1_240' title='bbox 391 2133 500 2176; x_wconf 87' lang='lat' dir='ltr'>ciliis</span> <span class='ocrx_word' id='word_1_241' title='bbox 539 2132 628 2173; x_wconf 86' lang='lat' dir='ltr'>basi</span> <span class='ocrx_word' id='word_1_242' title='bbox 668 2131 954 2174; x_wconf 79' lang='lat' dir='ltr'>tuberculatis</span> <span class='ocrx_word' id='word_1_243' title='bbox 984 2143 1110 2183; x_wconf 90' lang='lat' dir='ltr'>parce</span> <span class='ocrx_word' id='word_1_244' title='bbox 1149 2131 1323 2182; x_wconf 76' lang='lat' dir='ltr'>Obsius,</span> <span class='ocrx_word' id='word_1_245' title='bbox 1349 2131 1482 2183; x_wconf 88' lang='lat' dir='ltr'>spicis</span> <span class='ocrx_word' id='word_1_246' title='bbox 1509 2132 1561 2174; x_wconf 87' lang='lat' dir='ltr'>ad</span> <span class='ocrx_word' id='word_1_247' title='bbox 1587 2132 1718 2174; x_wconf 90' lang='lat' dir='ltr'>culmi</span> <span class='ocrx_word' id='word_1_248' title='bbox 1747 2133 1812 2174; x_wconf 88' lang='lat' dir='ltr'>vel</span> <span class='ocrx_word' id='word_1_249' title='bbox 1839 2134 1943 2188; x_wconf 77' lang='lat' dir='ltr'>ejus·</span> 
     </span>
     <span class='ocr_line' id='line_1_30' title="bbox 234 2189 1934 2244; baseline -0.001 -9"><span class='ocrx_word' id='word_1_250' title='bbox 234 2204 456 2235; x_wconf 90' lang='lat' dir='ltr'>ramorum</span> <span class='ocrx_word' id='word_1_251' title='bbox 501 2191 663 2244; x_wconf 86' lang='lat' dir='ltr'>apicem</span> <span class='ocrx_word' id='word_1_252' title='bbox 709 2190 916 2232; x_wconf 86' lang='lat' dir='ltr'>solitariis</span> <span class='ocrx_word' id='word_1_253' title='bbox 960 2190 1152 2232; x_wconf 87' lang='lat' dir='ltr'>tenuiter</span> <span class='ocrx_word' id='word_1_254' title='bbox 1206 2189 1459 2240; x_wconf 87' lang='lat' dir='ltr'>linearibus,</span> <span class='ocrx_word' id='word_1_255' title='bbox 1515 2191 1695 2243; x_wconf 85' lang='lat' dir='ltr'>spiculis</span> <span class='ocrx_word' id='word_1_256' title='bbox 1753 2191 1934 2234; x_wconf 71' lang='lat' dir='ltr'>disticlie</span> 
     </span>
     <span class='ocr_line' id='line_1_31' title="bbox 234 2248 1930 2309; baseline 0.001 -17"><span class='ocrx_word' id='word_1_257' title='bbox 234 2251 471 2294; x_wconf 86' lang='lat' dir='ltr'>imbricatis</span> <span class='ocrx_word' id='word_1_258' title='bbox 496 2250 679 2309; x_wconf 83' lang='lat' dir='ltr'>geminis</span> <span class='ocrx_word' id='word_1_259' title='bbox 714 2251 851 2292; x_wconf 75' lang='lat' dir='ltr'>altera</span> <span class='ocrx_word' id='word_1_260' title='bbox 883 2249 1026 2291; x_wconf 90' lang='lat' dir='ltr'>sessili</span> <span class='ocrx_word' id='word_1_261' title='bbox 1052 2248 1406 2302; x_wconf 76' lang='lat' dir='ltr'>liermapllrodita</span> <span class='ocrx_word' id='word_1_262' title='bbox 1428 2250 1493 2291; x_wconf 85' lang='lat' dir='ltr'>vel</span> <span class='ocrx_word' id='word_1_263' title='bbox 1523 2249 1706 2291; x_wconf 72' lang='lat' dir='ltr'>feminea</span> <span class='ocrx_word' id='word_1_264' title='bbox 1735 2251 1930 2301; x_wconf 61' lang='lat' dir='ltr'>aristam,</span> 
     </span>
     <span class='ocr_line' id='line_1_32' title="bbox 234 2307 1931 2364; baseline 0 -12"><span class='ocrx_word' id='word_1_265' title='bbox 234 2311 372 2352; x_wconf 76' lang='lat' dir='ltr'>altera</span> <span class='ocrx_word' id='word_1_266' title='bbox 412 2309 667 2364; x_wconf 73' lang='lat' dir='ltr'>pedicellata</span> <span class='ocrx_word' id='word_1_267' title='bbox 713 2307 905 2350; x_wconf 74' lang='lat' dir='ltr'>mascula</span> <span class='ocrx_word' id='word_1_268' title='bbox 945 2308 1012 2349; x_wconf 89' lang='lat' dir='ltr'>vel</span> <span class='ocrx_word' id='word_1_269' title='bbox 1054 2308 1215 2361; x_wconf 81' lang='lat' dir='ltr'>saepius</span> <span class='ocrx_word' id='word_1_270' title='bbox 1256 2309 1413 2349; x_wconf 72' lang='lat' dir='ltr'>neutra</span> <span class='ocrx_word' id='word_1_271' title='bbox 1453 2320 1537 2350; x_wconf 90' lang='lat' dir='ltr'>non</span> <span class='ocrx_word' id='word_1_272' title='bbox 1571 2309 1765 2357; x_wconf 74' lang='lat' dir='ltr'>aristata.</span> <span class='ocrx_word' id='word_1_273' title='bbox 1802 2310 1931 2363; x_wconf 60' lang='lat' dir='ltr'>spiere</span> 
     </span>
     <span class='ocr_line' id='line_1_33' title="bbox 233 2366 1938 2422; baseline 0 -11"><span class='ocrx_word' id='word_1_274' title='bbox 233 2370 410 2412; x_wconf 80' lang='lat' dir='ltr'>racliide</span> <span class='ocrx_word' id='word_1_275' title='bbox 437 2371 479 2410; x_wconf 90' lang='lat' dir='ltr'>et</span> <span class='ocrx_word' id='word_1_276' title='bbox 502 2368 725 2422; x_wconf 90' lang='lat' dir='ltr'>pedicellis</span> <span class='ocrx_word' id='word_1_277' title='bbox 760 2367 858 2420; x_wconf 89' lang='lat' dir='ltr'>pilis</span> <span class='ocrx_word' id='word_1_278' title='bbox 898 2366 1009 2409; x_wconf 88' lang='lat' dir='ltr'>albis</span> <span class='ocrx_word' id='word_1_279' title='bbox 1044 2367 1218 2420; x_wconf 72' lang='lat' dir='ltr'>spicula</span> <span class='ocrx_word' id='word_1_280' title='bbox 1245 2366 1523 2409; x_wconf 79' lang='lat' dir='ltr'>brevioribus</span> <span class='ocrx_word' id='word_1_281' title='bbox 1549 2367 1720 2420; x_wconf 85' lang='lat' dir='ltr'>obsitis,</span> <span class='ocrx_word' id='word_1_282' title='bbox 1749 2368 1938 2411; x_wconf 52' lang='lat' dir='ltr'>flosculo&gt;</span> 
     </span>
     <span class='ocr_line' id='line_1_34' title="bbox 232 2425 1938 2481; baseline -0.002 -11"><span class='ocrx_word' id='word_1_283' title='bbox 232 2428 428 2470; x_wconf 84' lang='lat' dir='ltr'>inferiori</span> <span class='ocrx_word' id='word_1_284' title='bbox 454 2427 721 2481; x_wconf 88' lang='lat' dir='ltr'>spicularum</span> <span class='ocrx_word' id='word_1_285' title='bbox 751 2429 908 2468; x_wconf 89' lang='lat' dir='ltr'>neutro</span> <span class='ocrx_word' id='word_1_286' title='bbox 946 2425 997 2468; x_wconf 89' lang='lat' dir='ltr'>ad</span> <span class='ocrx_word' id='word_1_287' title='bbox 1032 2426 1280 2478; x_wconf 89' lang='lat' dir='ltr'>glumellam</span> <span class='ocrx_word' id='word_1_288' title='bbox 1317 2426 1690 2468; x_wconf 87' lang='lat' dir='ltr'>membranaceam</span> <span class='ocrx_word' id='word_1_289' title='bbox 1730 2427 1938 2481; x_wconf 73' lang='lat' dir='ltr'>1‘educto,.</span> 
     </span>
     <span class='ocr_line' id='line_1_35' title="bbox 230 2484 1928 2541; baseline -0.001 -12"><span class='ocrx_word' id='word_1_290' title='bbox 230 2488 389 2540; x_wconf 86' lang='lat' dir='ltr'>glumis</span> <span class='ocrx_word' id='word_1_291' title='bbox 425 2487 602 2541; x_wconf 82' lang='lat' dir='ltr'>spiculae</span> <span class='ocrx_word' id='word_1_292' title='bbox 646 2485 1011 2538; x_wconf 79' lang='lat' dir='ltr'>hermaphroditae</span> <span class='ocrx_word' id='word_1_293' title='bbox 1045 2484 1335 2527; x_wconf 89' lang='lat' dir='ltr'>subcoriaceis</span> <span class='ocrx_word' id='word_1_294' title='bbox 1377 2484 1538 2536; x_wconf 83' lang='lat' dir='ltr'>glabris</span> <span class='ocrx_word' id='word_1_295' title='bbox 1576 2486 1695 2539; x_wconf 88' lang='lat' dir='ltr'>apice</span> <span class='ocrx_word' id='word_1_296' title='bbox 1732 2486 1928 2528; x_wconf 84' lang='lat' dir='ltr'>breviter</span> 
     </span>
     <span class='ocr_line' id='line_1_36' title="bbox 229 2543 1923 2598; baseline -0.001 -11"><span class='ocrx_word' id='word_1_297' title='bbox 229 2546 434 2589; x_wconf 89' lang='lat' dir='ltr'>ciliatulis</span> <span class='ocrx_word' id='word_1_298' title='bbox 459 2559 481 2587; x_wconf 94' lang='lat' dir='ltr'>a</span> <span class='ocrx_word' id='word_1_299' title='bbox 505 2546 635 2586; x_wconf 90' lang='lat' dir='ltr'>dorso</span> <span class='ocrx_word' id='word_1_300' title='bbox 658 2544 941 2598; x_wconf 86' lang='lat' dir='ltr'>complanatis</span> <span class='ocrx_word' id='word_1_301' title='bbox 961 2547 1003 2586; x_wconf 88' lang='lat' dir='ltr'>et</span> <span class='ocrx_word' id='word_1_302' title='bbox 1026 2543 1232 2585; x_wconf 86' lang='lat' dir='ltr'>inferiore</span> <span class='ocrx_word' id='word_1_303' title='bbox 1258 2543 1340 2585; x_wconf 89' lang='lat' dir='ltr'>sub</span> <span class='ocrx_word' id='word_1_304' title='bbox 1364 2544 1482 2595; x_wconf 85' lang='lat' dir='ltr'>apice</span> <span class='ocrx_word' id='word_1_305' title='bbox 1502 2544 1669 2586; x_wconf 75' lang='lat' dir='ltr'>foveola</span> <span class='ocrx_word' id='word_1_306' title='bbox 1688 2544 1923 2587; x_wconf 89' lang='lat' dir='ltr'>orbiculari</span> 
     </span>
     <span class='ocr_line' id='line_1_37' title="bbox 230 2602 1925 2660; baseline -0.002 -13"><span class='ocrx_word' id='word_1_307' title='bbox 230 2605 438 2660; x_wconf 88' lang='lat' dir='ltr'>pertusis,</span> <span class='ocrx_word' id='word_1_308' title='bbox 465 2605 670 2657; x_wconf 78' lang='lat' dir='ltr'>glumella</span> <span class='ocrx_word' id='word_1_309' title='bbox 695 2603 747 2644; x_wconf 90' lang='lat' dir='ltr'>ad</span> <span class='ocrx_word' id='word_1_310' title='bbox 771 2604 948 2646; x_wconf 86' lang='lat' dir='ltr'>aristam</span> <span class='ocrx_word' id='word_1_311' title='bbox 974 2606 1145 2645; x_wconf 87' lang='lat' dir='ltr'>tenuem</span> <span class='ocrx_word' id='word_1_312' title='bbox 1166 2602 1332 2655; x_wconf 76' lang='lat' dir='ltr'>spicula</span> <span class='ocrx_word' id='word_1_313' title='bbox 1355 2602 1520 2656; x_wconf 75' lang='lat' dir='ltr'>3—4-plo</span> <span class='ocrx_word' id='word_1_314' title='bbox 1538 2603 1775 2655; x_wconf 86' lang='lat' dir='ltr'>longiorem</span> <span class='ocrx_word' id='word_1_315' title='bbox 1805 2605 1925 2656; x_wconf 90' lang='lat' dir='ltr'>geni-</span> 
     </span>
     <span class='ocr_line' id='line_1_38' title="bbox 227 2661 1931 2715; baseline -0.003 -9"><span class='ocrx_word' id='word_1_316' title='bbox 227 2665 414 2706; x_wconf 89' lang='lat' dir='ltr'>culatam</span> <span class='ocrx_word' id='word_1_317' title='bbox 455 2669 496 2706; x_wconf 86' lang='lat' dir='ltr'>et</span> <span class='ocrx_word' id='word_1_318' title='bbox 546 2665 784 2704; x_wconf 84' lang='lat' dir='ltr'>contortam</span> <span class='ocrx_word' id='word_1_319' title='bbox 820 2663 873 2704; x_wconf 92' lang='lat' dir='ltr'>ad</span> <span class='ocrx_word' id='word_1_320' title='bbox 908 2662 1072 2715; x_wconf 87' lang='lat' dir='ltr'>apicem</span> <span class='ocrx_word' id='word_1_321' title='bbox 1112 2661 1291 2714; x_wconf 74' lang='lat' dir='ltr'>spiculae</span> <span class='ocrx_word' id='word_1_322' title='bbox 1324 2661 1517 2715; x_wconf 85' lang='lat' dir='ltr'>fragilem</span> <span class='ocrx_word' id='word_1_323' title='bbox 1570 2662 1764 2712; x_wconf 80' lang='lat' dir='ltr'>reducta,</span> <span class='ocrx_word' id='word_1_324' title='bbox 1803 2662 1931 2715; x_wconf 70' lang='lat' dir='ltr'>palea.</span> 
     </span>
     <span class='ocr_line' id='line_1_39' title="bbox 225 2720 1927 2775; baseline -0.001 -11"><span class='ocrx_word' id='word_1_325' title='bbox 225 2723 432 2775; x_wconf 56' lang='lat' dir='ltr'>obsoletaa</span> <span class='ocrx_word' id='word_1_326' title='bbox 457 2722 634 2775; x_wconf 84' lang='lat' dir='ltr'>spiculae</span> <span class='ocrx_word' id='word_1_327' title='bbox 661 2721 865 2764; x_wconf 84' lang='lat' dir='ltr'>masculae</span> <span class='ocrx_word' id='word_1_328' title='bbox 890 2721 957 2763; x_wconf 91' lang='lat' dir='ltr'>vel</span> <span class='ocrx_word' id='word_1_329' title='bbox 982 2724 1150 2762; x_wconf 80' lang='lat' dir='ltr'>neutrae</span> <span class='ocrx_word' id='word_1_330' title='bbox 1178 2720 1397 2773; x_wconf 86' lang='lat' dir='ltr'>glumellis</span> <span class='ocrx_word' id='word_1_331' title='bbox 1425 2720 1585 2774; x_wconf 79' lang='lat' dir='ltr'>saepius</span> <span class='ocrx_word' id='word_1_332' title='bbox 1609 2722 1741 2762; x_wconf 90' lang='lat' dir='ltr'>nullis</span> <span class='ocrx_word' id='word_1_333' title='bbox 1784 2722 1843 2768; x_wconf 68' lang='lat' dir='ltr'>Qt.</span> <span class='ocrx_word' id='word_1_334' title='bbox 1868 2722 1927 2763; x_wconf 84' lang='lat' dir='ltr'>A.</span> 
     </span>
    </p>
   </div>
   <div class='ocr_carea' id='block_1_9' title="bbox 224 2780 1061 2833">
    <p class='ocr_par' dir='ltr' id='par_1_9' title="bbox 224 2780 1061 2833">
     <span class='ocr_line' id='line_1_40' title="bbox 224 2780 1061 2833; baseline -0.004 -10"><span class='ocrx_word' id='word_1_335' title='bbox 224 2781 569 2833; x_wconf 69' lang='lat' dir='ltr'>mmzostaclegsus</span> <span class='ocrx_word' id='word_1_336' title='bbox 596 2780 779 2833; x_wconf 86' lang='lat' dir='ltr'>Spreng.</span> <span class='ocrx_word' id='word_1_337' title='bbox 811 2780 917 2832; x_wconf 90' lang='lat' dir='ltr'>Png.</span> <span class='ocrx_word' id='word_1_338' title='bbox 943 2780 982 2831; x_wconf 68' lang='lat'>2,</span> <span class='ocrx_word' id='word_1_339' title='bbox 1013 2781 1061 2821; x_wconf 88' lang='lat'>9.</span> 
     </span>
    </p>
   </div>
   <div class='ocr_carea' id='block_1_10' title="bbox 224 2851 1928 2995">
    <p class='ocr_par' dir='ltr' id='par_1_10' title="bbox 224 2851 1928 2995">
     <span class='ocr_line' id='line_1_41' title="bbox 271 2851 1925 2898; baseline -0.003 -7"><span class='ocrx_word' id='word_1_340' title='bbox 271 2856 364 2891; x_wconf 77' lang='lat' dir='ltr'>Hah</span> <span class='ocrx_word' id='word_1_341' title='bbox 396 2856 436 2891; x_wconf 89' lang='lat' dir='ltr'>in</span> <span class='ocrx_word' id='word_1_342' title='bbox 457 2855 631 2890; x_wconf 84' lang='lat' dir='ltr'>arenosis</span> <span class='ocrx_word' id='word_1_343' title='bbox 653 2853 896 2889; x_wconf 86' lang='lat' dir='ltr'>desertorum</span> <span class='ocrx_word' id='word_1_344' title='bbox 920 2852 1067 2897; x_wconf 80' lang='lat' dir='ltr'>Egypti</span> <span class='ocrx_word' id='word_1_345' title='bbox 1087 2862 1208 2898; x_wconf 88' lang='lat' dir='ltr'>prope</span> <span class='ocrx_word' id='word_1_346' title='bbox 1228 2852 1328 2888; x_wconf 86' lang='lat' dir='ltr'>Suez</span> <span class='ocrx_word' id='word_1_347' title='bbox 1344 2852 1448 2896; x_wconf 84' lang='lat' dir='ltr'>(Del.</span> <span class='ocrx_word' id='word_1_348' title='bbox 1467 2852 1661 2897; x_wconf 77' lang='lat' dir='ltr'>Ehrenbi)</span> <span class='ocrx_word' id='word_1_349' title='bbox 1677 2855 1714 2887; x_wconf 89' lang='lat' dir='ltr'>et</span> <span class='ocrx_word' id='word_1_350' title='bbox 1727 2851 1925 2887; x_wconf 76' lang='lat' dir='ltr'>Kahiram·</span> 
     </span>
     <span class='ocr_line' id='line_1_42' title="bbox 225 2899 1928 2948; baseline -0.003 -9"><span class='ocrx_word' id='word_1_351' title='bbox 225 2903 525 2948; x_wconf 78' lang='lat' dir='ltr'>(Sickenberger</span> <span class='ocrx_word' id='word_1_352' title='bbox 540 2904 580 2946; x_wconf 82' lang='lat' dir='ltr'>l),</span> <span class='ocrx_word' id='word_1_353' title='bbox 605 2901 646 2936; x_wconf 88' lang='lat' dir='ltr'>in</span> <span class='ocrx_word' id='word_1_354' title='bbox 667 2901 875 2936; x_wconf 81' lang='lat' dir='ltr'>maritimis</span> <span class='ocrx_word' id='word_1_355' title='bbox 896 2900 1041 2945; x_wconf 80' lang='lat' dir='ltr'>Egypti</span> <span class='ocrx_word' id='word_1_356' title='bbox 1059 2899 1272 2944; x_wconf 85' lang='lat' dir='ltr'>superioris</span> <span class='ocrx_word' id='word_1_357' title='bbox 1292 2901 1392 2935; x_wconf 85' lang='lat' dir='ltr'>inter</span> <span class='ocrx_word' id='word_1_358' title='bbox 1412 2899 1574 2936; x_wconf 85' lang='lat' dir='ltr'>Kosseir</span> <span class='ocrx_word' id='word_1_359' title='bbox 1593 2904 1630 2935; x_wconf 85' lang='lat' dir='ltr'>et</span> <span class='ocrx_word' id='word_1_360' title='bbox 1654 2900 1734 2935; x_wconf 82' lang='lat' dir='ltr'>Bas</span> <span class='ocrx_word' id='word_1_361' title='bbox 1766 2900 1928 2935; x_wconf 62' lang='lat' dir='ltr'>Benass»</span> 
     </span>
     <span class='ocr_line' id='line_1_43' title="bbox 224 2946 1337 2995; baseline -0.004 -9"><span class='ocrx_word' id='word_1_362' title='bbox 224 2950 447 2995; x_wconf 80' lang='lat' dir='ltr'>(Schweinf</span> <span class='ocrx_word' id='word_1_363' title='bbox 459 2952 496 2994; x_wconf 79' lang='lat'>1),</span> <span class='ocrx_word' id='word_1_364' title='bbox 516 2959 635 2994; x_wconf 83' lang='lat' dir='ltr'>regno</span> <span class='ocrx_word' id='word_1_365' title='bbox 651 2948 821 2984; x_wconf 82' lang='lat' dir='ltr'>Mascate</span> <span class='ocrx_word' id='word_1_366' title='bbox 842 2947 1000 2983; x_wconf 80' lang='lat' dir='ltr'>Arabiae</span> <span class='ocrx_word' id='word_1_367' title='bbox 1020 2946 1161 2991; x_wconf 84' lang='lat' dir='ltr'>(Auch.</span> <span class='ocrx_word' id='word_1_368' title='bbox 1183 2946 1337 2992; x_wconf 45' lang='lat'>54612)-</span> 
     </span>
    </p>
   </div>
  </div>
 </body>
</html>
