2089 3246
73 229 355 276 Andropoyon.
808 237 1033 265 GRAMlNEAE
1704 234 1777 270 465

74 325 208 367 supra
236 311 432 366 spatham
470 311 569 365 plus
606 311 807 355 minusve
845 313 1011 367 pilosis,
1045 312 1179 366 spicis
1215 311 1267 353 ad
1305 313 1572 356 ramulorum
1610 318 1772 369 apicem

73 372 256 426 geminis
296 369 526 414 sessilibus
563 370 906 414 subnatantibus
947 371 1186 414 linearibus
1226 373 1501 424 compressis,
1532 375 1703 419 mcliida
1733 381 1777 418 et

74 430 294 487 pedicellis
323 430 446 481 longe
467 432 510 470 et
542 428 677 471 dense
715 430 877 483 pilosis,
904 430 1085 485 spiculis
1121 429 1588 482 oblongo-lanceolatis‚
1615 435 1775 486 glumis

73 491 254 545 spiculae
279 488 648 541 hermaphroditae
672 489 928 543 aequilongis
951 489 1120 532 obtusis
1157 489 1358 531 inferiore
1392 490 1636 542 plurinervi
1675 494 1774 547 pilis

73 550 111 592 ei
153 547 409 602 aequilongis
449 547 582 590 dense
618 548 775 590 vestita
799 548 1029 602 superiore
1054 547 1202 601 glabra
1228 548 1296 589 vel
1324 560 1450 601 parce
1476 550 1614 603 pilosa
1641 554 1775 595 acuti·

76 609 241 651 uscula.
281 605 485 660 glumella
530 606 858 650 membranacea
906 611 1090 660 anguste
1136 606 1287 648 lineari
1330 618 1381 648 ex
1426 609 1544 662 apIcc
1579 611 1776 654 breviter

71 666 292 709 bidentato
319 665 360 707 in
393 664 571 707 aristam
611 666 1115 718 geniculato-contortam
1147 665 1455 719 pubescentem
1487 670 1536 709 ea
1577 671 1774 722 quadru-

72 726 141 780 plo
170 725 409 778 longiorem
427 724 626 772 abeunte,
649 724 810 777 glumis
838 726 1017 779 spiculae
1046 725 1247 767 masculae
1270 725 1549 777 acutioribus,
1569 729 1773 782 glumellzi

72 797 156 828 non
179 785 360 826 aristata
392 784 451 829 ΩΙ.
482 782 589 824 Host
611 783 761 826 Austr.
789 783 860 835 IV,
887 784 967 827 tab.
1005 786 1039 825 1.
1080 807 1134 813 -
1159 782 1292 825 Rchb.
1318 784 1371 826 Ic.
1399 785 1545 828 Germ.
1572 789 1642 840 tig.
1674 789 1772 830 460.

117 872 217 908 Hab.
236 873 274 907 in
295 870 463 907 collibus
486 871 595 906 siccis
615 871 788 917 regionis
807 871 1017 916 inferioris
1048 871 1203 907 Graecia
1231 871 1378 915 (Sibth.
1408 872 1534 909 Heldr
1554 876 1592 919 l),
1619 875 1775 921 Cyprus

68 920 162 965 (Ky.
184 919 285 965 (317),
304 918 420 963 Syria
443 918 628 954 littoralis
649 920 686 953 et
704 919 810 964 regio
831 919 991 955 inferior
1014 918 1155 954 Libani
1177 918 1241 963 (131
1260 921 1267 954 l
1289 919 1393 955 Gaill
1411 921 1452 965 l),
1478 931 1645 967 regnum
1672 922 1776 957 Mas-

68 969 151 1003 cate
172 967 211 1002 in
232 968 366 1001 monte
387 965 574 1002 Chebeck
595 965 740 1011 (Auch.
756 966 852 1002 5462
865 968 905 1012 l).

127 1041 157 1096 β
191 1039 430 1094 pubescens
467 1040 555 1083 Vis.
590 1040 653 1084 Fl.
691 1040 832 1083 Dalm.
866 1041 1016 1096 Suppl.
1059 1041 1092 1093 Ι,
1137 1053 1176 1094 p.
1217 1042 1282 1083 14.
1312 1066 1368 1071 —
1407 1042 1522 1086 Folia
1555 1044 1770 1095 tenuiora,

68 1103 198 1144 culmi
243 1112 359 1153 saepe
412 1099 638 1143 breviores
671 1112 865 1154 superne
917 1101 1062 1143 minus
1102 1101 1262 1143 ramosi
1307 1102 1439 1154 spicis
1494 1103 1773 1156 paucioribus

68 1159 344 1202 tenuioribus
366 1159 623 1212 adpressius
645 1159 829 1203 hirsutis
848 1161 948 1214 pilis
974 1159 1266 1213 brevioribus,
1287 1161 1432 1203 aristae
1458 1163 1667 1214 glumella
1693 1165 1772 1204 sua

69 1219 237 1273 5-6-plo
272 1218 505 1271 longiores.
529 1241 588 1250 —
624 1218 674 1260 A.
716 1217 956 1271 pubescens
985 1219 1147 1262 Visiau.
1176 1218 1240 1260 Fl.
1284 1219 1420 1262 Dalm.
1449 1220 1480 1272 1,
1506 1222 1579 1272 52,
1608 1221 1694 1263 tab.
1730 1222 1769 1262 2.

67 1278 201 1322 Rcub.
228 1278 375 1320 Germ.
400 1277 470 1330 sig.
494 1278 593 1319 459.

1766 1356 1774 1378 Ι

114 1361 215 1397 Hah.
235 1362 275 1396 in
303 1360 459 1397 Oriente
481 1361 608 1397 forma
629 1362 759 1408 typica
780 1362 996 1408 vulgatior,
1020 1363 1174 1399 Graecia
1201 1362 1241 1397 in
1274 1363 1402 1398 Attica
1427 1363 1593 1410 (Sprunl
1626 1364 1748 1400 Helttr
1765 1383 1773 1388 -

66 1410 176 1456 Orph
192 1411 231 1454 t),
258 1408 488 1453 Zacynthus
510 1409 641 1455 (Marg
657 1411 696 1454 l),
711 1409 826 1445 Creta
843 1410 1006 1456 (Siebl),
1027 1409 1213 1445 Anatolia
1242 1410 1427 1445 australis
1460 1411 1500 1446 in
1532 1411 1774 1457 Pamphylia.

65 1457 116 1493 ad
135 1456 277 1492 Adalia.
294 1456 446 1502 (Boiu-g
462 1458 502 1503 l),
523 1456 662 1492 Cilicia
682 1457 857 1493 Trachea⁴
873 1457 963 1502 (Per
978 1460 1016 1502 l),
1039 1457 1231 1492 Cataonia
1252 1456 1482 1504 (Hausskl),
1505 1458 1651 1504 Egypti
1673 1459 1772 1493 infe-

63 1504 176 1540 rioris
197 1504 350 1539 deserta
367 1505 406 1538 et
424 1503 604 1549 superior
621 1503 671 1539 ad
690 1514 795 1539 mare
815 1504 993 1540 Rubrum
1014 1504 1280 1549 (Schxveinss),
1298 1504 1440 1540 Jud-ssa
1460 1516 1579 1551 supra
1610 1505 1770 1541 Jericho

64 1554 101 1587 et
115 1551 314 1587 Pales-tina
330 1560 451 1596 prope
467 1551 719 1586 Tiberiadem
736 1552 915 1597 (Boiss!)‚
927 1551 1214 1598 Mesopotamia
1226 1551 1406 1597 (Haussk
1419 1554 1457 1597 l),
1472 1552 1607 1588 Persia
1620 1556 1772 1588 austro-

67 1597 320 1635 occidentalis
338 1598 430 1644 (Ky.
450 1597 537 1634 212!
560 1598 772 1644 Hausskl).

110 1671 175 1706 Ar.
205 1670 339 1715 Geoqr.
361 1670 485 1716 Regio
508 1670 792 1706 mediterranea
810 1670 977 1716 Europae
997 1672 1034 1706 et
1054 1670 1197 1706 Africae
1218 1670 1400 1716 borealis„
1428 1671 1602 1716 Madera,
1630 1671 1772 1707 insulse

65 1717 323 1754 Canarienses
342 1721 379 1753 et
399 1717 550 1764 Capitis
571 1717 723 1763 viridis,
743 1718 973 1764 Abyssinia,
993 1719 1032 1754 P.
1054 1718 1096 1753 Β.
1119 1717 1223 1764 Spei,
1246 1718 1394 1753 Arabia
1416 1718 1579 1765 tropica.

123 1828 162 1869 7.
199 1828 259 1869 A.
301 1826 538 1882 laniger
579 1827 718 1883 (Desf.
759 1828 846 1871 Att.
887 1827 939 1880 ΙΙ,
979 1829 1082 1879 379)
1118 1828 1322 1881 perennis
1350 1828 1485 1870 dense
1509 1829 1770 1881 cespitosus‚

63 1886 209 1929 radice
236 1886 411 1934 fibrosii,
437 1886 592 1928 culmis
620 1887 777 1929 erectis
806 1886 897 1930 basi
925 1887 1079 1930 crebre
1109 1887 1270 1929 foliosis
1311 1891 1354 1929 et
1388 1888 1553 1939 vaginis
1581 1887 1772 1930 dilatatis

67 1945 250 1998 vestitis,
276 1946 387 1987 foliis
410 1945 572 1999 glabris
592 1946 970 1999 glaucescentibus
997 1946 1150 2000 rigidis
1186 1947 1343 1988 lamina
1382 1946 1574 1989 filit'ormi
1612 1959 1771 1990 convo-

64 2005 170 2056 luta,
204 2005 404 2058 panicula
446 2004 596 2047 stricta
629 2008 813 2058 anguste
853 2006 1037 2058 oblonga
1078 2006 1200 2048 brevi
1233 2006 1329 2048 laxa
1355 2007 1534 2048 ramulis
1561 2005 1770 2048 brevibus

66 2063 394 2118 subaequalibus
424 2064 466 2105 in
494 2064 635 2106 axillis
662 2065 883 2118 supremis
911 2066 987 2106 2-4
1009 2065 1269 2107 fasciculatis
1296 2065 1449 2118 vagina
1476 2064 1770 2118 spatllaet'ormi

65 2122 241 2165 dilatata
279 2122 475 2165 suffultis
514 2127 754 2172 constante,
783 2125 916 2177 spicis
957 2124 1260 2167 terminalibus
1296 2125 1525 2177 geminatis
1560 2123 1770 2166 brevibus

66 2183 220 2235 vagina
243 2182 513 2236 cymbil'ormi
539 2183 700 2225 mutica
729 2182 886 2226 ssavida
915 2195 989 2225 eas
1016 2184 1318 2226 involucrante
1348 2187 1390 2225 et
1425 2184 1611 2237 primum
1651 2182 1771 2225 obte-

63 2245 191 2294 gente
212 2242 382 2288 obsit1s,
407 2241 582 2284 rachide
605 2245 647 2284 et
669 2242 846 2295 spiculae
869 2243 1075 2285 masculae
1098 2243 1266 2285 mutieae
1284 2242 1501 2295 pedicellis
1532 2242 1626 2296 pilis
1647 2245 1771 2296 patu-

64 2300 114 2343 lis
137 2301 412 2344 densissimis
437 2300 547 2343 albis
582 2301 771 2354 spiculas
799 2302 1058 2345 lanceolatas
1081 2302 1356 2355 aequantibus
1392 2301 1575 2348 vestitis.
1605 2301 1768 2354 glumis

65 2359 315 2403 lanceolalis
339 2360 681 2414 subaequilougis
715 2361 1007 2403 subearinatis
1040 2360 1415 2414 glabresceutibus
1447 2360 1650 2402 inferiore
1682 2360 1769 2411 spi-

65 2419 173 2461 culae
200 2419 565 2473 hermaphroditae
593 2419 788 2471 margine
809 2420 997 2462 ciliatula
1031 2421 1150 2474 apice
1183 2420 1376 2462 obsolete
1413 2419 1650 2466 bidentatzi,
1676 2419 1770 2471 glu-

66 2478 192 2520 mella
210 2479 390 2532 spiculae
413 2478 779 2533 hermaphroditae
809 2479 985 2521 minima
1008 2479 1181 2532 hyalina
1200 2479 1251 2520 ad
1281 2478 1470 2520 medium
1500 2478 1630 2520 bifida
1655 2478 1770 2518 iuter

64 2536 241 2580 lacinias
266 2537 454 2580 lineares
484 2537 641 2590 pilosas
665 2538 802 2580 arista
827 2538 944 2580 tenui
970 2541 1087 2581 recta
1116 2539 1290 2580 exserta
1321 2540 1370 2579 ea
1404 2537 1535 2590 duplo
1574 2537 1767 2589 longiore

62 2595 199 2639 obsita
235 2598 294 2643 ΩΙ.
315 2596 364 2638 Α.
392 2595 575 2638 Οίὶυῖενι·
595 2596 728 2640 Boiss.
755 2598 903 2651 Diagn.
931 2596 1025 2640 Ser.
1055 2597 1086 2644 Ι,
1110 2598 1149 2650 5,
1181 2611 1217 2651 p.
1242 2598 1309 2638 76.
1335 2621 1388 2627 —
1411 2597 1767 2638 A.commulatus

62 2654 201 2708 Aitcli.
230 2655 318 2698 Cat.
341 2656 382 2698 in
409 2655 563 2698 Jouru.
592 2654 716 2698 Linn.
744 2656 838 2699 Soc.
866 2656 986 2708 XIX,
1007 2669 1047 2710 p.
1074 2657 1170 2707 191,
1198 2668 1281 2698 nou
1308 2655 1500 2698 Steudel.

108 2738 210 2774 Hab.
233 2740 271 2774 in
292 2739 458 2775 desertis
479 2742 516 2775 et
535 2740 736 2775 montanis
765 2740 898 2784 aridis,
919 2740 1206 2786 Mesopotamia
1234 2739 1377 2783 (Olivu
1413 2740 1514 2774 inter
1547 2738 1696 2774 Mossul
1732 2739 1769 2771 ct

62 2785 223 2832 Bagdad
244 2786 384 2831 (Auel).
406 2786 547 2832 29:351),
567 2787 692 2822 Besch
710 2787 822 2823 Abur
841 2788 889 2823 ad
908 2788 1045 2833 Tigrin
1061 2787 1143 2833 (ΚΥ
1154 2788 1272 2829 3861),
1287 2787 1336 2822 ad
1356 2786 1519 2822 lierkulz
1539 2784 1768 2829 (Haussk').

62 2833 275 2879 Affghania
298 2833 348 2869 ad
370 2833 658 2879 Heratfflgel),
687 2835 737 2870 ad
769 2834 1010 2871 (lundamuk
1038 2838 1074 2869 et
1102 2835 1149 2869 ad
1180 2834 1329 2870 collum
1362 2834 1482 2868 Bolun
1515 2833 1690 2877 restitit).
1729 2834 1765 2865 iu

62 2879 242 2916 districtu
266 2881 419 2916 Kuram
440 2880 544 2918 6090’
563 2882 746 2926 (Aitchl).
766 2882 993 2918 Belutsenia
1014 2881 1172 2927 (Stocks
1188 2883 1229 2926 l).

112 2950 270 2987 Pedalis
293 2952 355 2987 vel
374 2952 676 2999 sesquipedalis,
694 2952 881 2999 panicula
903 2956 1072 2999 angusta
1093 2952 1341 2999 3-G-pollices
1369 2953 1486 2996 longa
1507 2951 1630 2985 rarius
1650 2949 1767 2996 pedu-

63 2997 115 3034 lis
134 3001 170 3034 et
189 3001 282 3035 tunc
302 2999 518 3035 laxissime..
543 2999 672 3035 Fibrae
691 3000 886 3036 radicales
902 3003 946 3035 ut
965 3000 1004 3036 in
1020 3001 1069 3035 A.
1088 2998 1352 3036 Sclzoenantho
1373 3002 1410 3034 et
1430 3000 1476 3034 A.
1504 2993 1766 3034 licat-ancus&
