2062 3314
237 218 311 256 448
969 215 1192 244 GnAmmEAE
1715 200 1908 238 Cenchrus
1917 228 1926 236 .

239 296 478 353 Caryopsis
503 293 685 346 oblonga
718 290 934 346 glumellis
958 290 1124 333 inclusa
1150 287 1228 331 sed
1261 286 1409 329 libera.
1439 307 1491 314 —
1516 284 1703 340 Spiculae
1730 284 1775 326 in
1811 284 1934 327 invo-

243 361 366 403 lucro
391 355 480 407 1-3‚
504 351 746 396 involucris
778 351 821 392 in
846 349 987 403 spicas
1015 348 1233 403 simplices
1267 343 1502 399 dispositis.

308 471 345 511 1.
364 467 417 511 C.
433 463 804 509 catharticus
826 461 943 516 (Del.
963 459 1054 503 Cat.
1078 458 1247 511 Monsp.
1269 458 1378 500 1838
1397 459 1440 499 et
1459 455 1698 499 Linn.XIlI
1718 454 1802 497 Lit.
1833 456 1936 511 103)

244 537 436 579 annuus,
458 523 656 566 caulibus
678 520 836 564 erectis
869 519 937 564 vel
964 516 1302 562 ascendentibus
1325 516 1494 558 inferne
1522 527 1638 569 saepe
1668 514 1937 568 geniculatis,

245 587 359 631 foliis
386 582 598 627 scabridis
637 580 883 622 lanceolatis
916 577 1174 620 acuminatis
1197 574 1351 617 ciliatis
1374 575 1444 618 vel
1477 573 1654 627 glabris,
1697 573 1938 616 involucris

248 641 567 689 subsessilibus
603 640 646 681 in
683 638 844 692 spicam
885 635 1169 690 cylindrieam
1202 633 1485 676 laxiusculam
1532 632 1753 686 dispositis
1790 645 1812 673 a
1846 632 1938 674 basi

251 701 541 747 subtruncata
564 698 779 741 obconicis
803 694 1056 740 subbissoris
1080 692 1424 747 pluriaculeatis‚
1445 691 1605 734 aculeis
1642 692 1728 733 ima
1764 690 1856 733 basi
1895 691 1938 732 in

251 761 452 817 pate-llam
480 757 645 801 coalitis
670 755 823 809 rigidis
860 752 1153 808 pungentibus
1179 751 1372 793 externis
1396 749 1669 793 brevissimis
1695 751 1941 803 patentibus

251 818 536 864 interioribus
581 814 865 858 validioribus
912 812 1117 855 flosculos
1164 809 1562 864 subsuperantibus
1610 809 1895 863 erecto-patul
1910 809 1944 851 is

254 881 384 923 dorso
422 875 598 919 sulcatis
641 879 883 916 retrorsum
914 870 1080 914 scabris
1120 869 1341 912 interdum
1377 868 1547 911 inferne
1580 868 1751 915 cibatis,
1787 868 1943 920 glumis

254 937 393 981 ovatis
432 935 568 976 acutis
603 931 944 974 membranaceis
986 929 1190 971 inferiore
1221 927 1422 970 breviore
1458 926 1686 980 superiore
1727 926 1944 977 glumellis

256 995 538 1038 flosculorum
564 991 759 1043 oblongis
784 988 1094 1032 obtusiusculis
1122 986 1409 1029 subbreviore
1439 990 1486 1036 O
1532 985 1571 1028 C.
1605 984 1826 1027 Niloticus
1855 984 1944 1038 Fig.

257 1059 300 1098 et
326 1053 421 1096 Not.
445 1052 616 1104 Fragm.
648 1051 721 1101 64,
749 1050 832 1090 tab.
866 1048 919 1090 33
943 1046 1114 1101 (1858).
1140 1070 1194 1074 —
1221 1044 1263 1087 C.
1288 1044 1515 1087 echinatus
1553 1044 1671 1086 Rich.
1700 1044 1763 1086 Fl.
1787 1045 1947 1098 Abyss.

257 1126 342 1156 non
378 1112 426 1153 L.
459 1135 517 1140 —
540 1108 725 1162 Elymus
754 1108 893 1159 Caput
915 1105 1103 1148 Medztsoe
1125 1104 1275 1146 Forsk.
1305 1104 1452 1146 Descr.
1480 1117 1507 1158 p
1547 1104 1600 1146 25

312 1187 410 1223 Hah.
429 1186 471 1221 in
497 1185 653 1230 Egypto
680 1183 731 1218 ad
751 1183 856 1228 ripas
878 1180 959 1216 Nili
978 1180 1045 1224 (ex
1066 1179 1224 1224 Figari).
1245 1179 1277 1214 E
1301 1179 1449 1214 ditione
1469 1178 1647 1214 nondum
1668 1178 1759 1214 vidi.

311 1252 408 1288 Haec
425 1250 575 1296 species
596 1246 633 1284 C.
652 1246 830 1283 echinato
850 1244 1083 1280 Americano
1103 1243 1200 1278 faeie
1227 1242 1367 1277 similis
1396 1242 1446 1278 ab
1477 1252 1523 1278 eo
1550 1241 1746 1278 involucri
1772 1242 1950 1288 partibus

260 1302 340 1335 ima
361 1298 447 1334 basi
462 1298 615 1331 tantum
637 1304 707 1329 nec
725 1294 767 1328 in
788 1293 972 1338 cupulam
996 1291 1170 1326 lobatam
1189 1290 1366 1325 connatis
1380 1289 1554 1331 differt,a
1568 1290 1824 1335 sequentibus
1838 1290 1950 1326 invo-

259 1346 361 1382 lucri
378 1344 557 1391 partibus
579 1342 686 1377 duris
703 1340 839 1386 rigidis
855 1337 1177 1374 aculeiformibus
1195 1339 1405 1372 retrorsum
1430 1336 1658 1372 aculeolatis
1685 1336 1886 1372 distincta.

309 1408 370 1443 Ar.
389 1407 520 1451 Geoqr.
544 1403 690 1447 Nubia,
711 1401 936 1447 Abyssinia‚
952 1399 1118 1445 Guium,
1134 1399 1280 1434 Insulae
1300 1399 1449 1446 Capitis
1468 1399 1627 1445 Viridis,
1641 1399 1772 1435 Africa
1792 1400 1950 1447 tropica.

262 1454 374 1490 India
395 1449 831 1489 boreali-occidentalis.

325 1562 366 1602 2.
396 1560 451 1604 G.
486 1561 811 1601 montanus
842 1555 972 1608 (Nees
1000 1555 1041 1595 in
1069 1554 1204 1607 Roylc
1228 1553 1394 1596 Illustr.
1419 1554 1486 1596 Pl.
1511 1554 1626 1609 Iud.)
1648 1568 1836 1609 annuus,
1866 1557 1955 1598 cul-

267 1621 349 1663 mis
386 1618 588 1673 pluribus
634 1613 1302 1669 procuiubenti—ascendentibus
1332 1613 1591 1665 geniculatis
1635 1615 1797 1657 foliosis
1845 1616 1956 1658 foliis

268 1679 509 1722 linearibus
533 1675 790 1718 acuminatis
817 1672 1027 1716 flexuosis
1062 1673 1202 1726 planis
1239 1671 1384 1725 patule
1407 1672 1532 1715 hirtis
1556 1674 1622 1716 vel
1651 1673 1959 1726 glabrescenti-

267 1739 366 1790 bus,‘
390 1735 629 1779 involucris
664 1733 924 1775 brevissime
953 1731 1216 1784 pedicellatis
1245 1731 1564 1785 l-a-spiculatis
1589 1733 1778 1785 globosis
1805 1733 1845 1774 in
1871 1733 1956 1786 spi-

268 1809 361 1839 cam
403 1794 684 1848 cylindricam
726 1790 1050 1834 densiusculam
1092 1790 1332 1843 dispositis,
1369 1790 1473 1832 setis
1513 1791 1729 1834 involucri
1765 1791 1958 1834 externis

269 1854 486 1899 subulatis
512 1852 722 1894 brevibus
746 1850 966 1905 adpressis
1001 1849 1287 1891 interioribus
1325 1849 1429 1890 8-10
1454 1850 1702 1892 lanceolatis
1728 1851 1959 1904 pungenti-

270 1915 354 1957 bus
378 1913 430 1956 ad
451 1912 622 1955 tertiam
649 1914 815 1963 partem
843 1910 884 1951 in
908 1909 1110 1961 cupulam
1138 1908 1380 1950 obconicarn
1410 1908 1576 1950 coalitis
1605 1910 1763 1952 erectis
1793 1909 1958 1952 scabris

271 1972 491 2015 interdum
516 1969 709 2022 margine
731 1969 885 2011 ciliatis
912 1967 1100 2020 spiculas
1129 1968 1200 2009 vix
1223 1966 1547 2018 excedentibus,
1565 1968 1723 2020 glumis
1747 1969 1960 2011 membra-

274 2031 419 2074 naceis
471 2028 609 2072 ovatis
650 2028 787 2070 acutis
826 2025 1115 2069 subcarinatis
1165 2025 1537 2079 subinaequalibus
1585 2027 1779 2070 flosculis
1832 2028 1961 2070 tertia

273 2092 395 2145 parte
419 2087 711 2139 brevioribus,
729 2085 945 2139 glumellis
972 2084 1139 2128 flosculi
1167 2084 1307 2127 neutri
1334 2088 1376 2126 et
1398 2086 1740 2138 hermaphroditi
1767 2086 1962 2139 oblongis

273 2149 411 2190 acutis
430 2158 622 2200 superne
649 2145 877 2192 5-nerviis‚
899 2144 1020 2198 palea
1043 2143 1292 2197 angustiore
1338 2146 1405 2192 Θ.
1449 2144 1488 2186 C.
1524 2143 1767 2196 Schimperz·
1800 2144 1965 2188 Hochst

275 2212 318 2249 et
340 2206 490 2250 Steud.
519 2206 562 2247 in
590 2204 779 2258 Schimp.
808 2216 899 2247 exs
923 2226 973 2232 —
995 2203 1037 2245 C.
1064 2202 1351 2253 tripsacoides
1376 2203 1552 2246 Fresen.
1574 2204 1732 2257 Abyss.
1747 2206 1790 2246 et
1810 2203 1863 2245 R.
1890 2203 1962 2245 Br.

275 2266 350 2319 qui
372 2265 414 2306 in
441 2263 529 2306 Salt
550 2276 650 2317 app.
674 2274 829 2320 nomen
853 2263 993 2305 solum
1015 2261 1164 2304 edidit.
1181 2285 1236 2292 —-
1255 2261 1295 2304 C.
1316 2261 1506 2313 bulbifcr
1524 2263 1757 2305 Hoclist.in
1774 2261 1962 2317 Schimp.

275 2325 437 2378 Abyss.
465 2335 555 2365 exs.
584 2346 642 2351 —
666 2321 707 2364 C.
735 2320 957 2374 zme'florus
984 2319 1171 2362 Ebrenb.
1197 2331 1288 2363 exs.
1316 2321 1424 2362 235!

322 2399 428 2434 Hab.
455 2398 496 2432 in
518 2397 665 2443 Egypti
688 2395 778 2432 Oasi
798 2397 945 2441 magna,
964 2395 1013 2430 ad
1035 2394 1139 2430 Hibe
1158 2397 1196 2430 et
1220 2395 1270 2430 ad
1293 2396 1402 2430 littus
1433 2396 1646 2432 Arabicum
1680 2397 1825 2443 Egypti
1854 2406 1967 2443 supe-

276 2445 393 2482 rioris
415 2446 516 2480 inter
535 2444 697 2479 Kosseir
713 2446 751 2479 et
774 2443 854 2478 Ras
879 2443 1026 2478 Benass
1049 2441 1280 2486 (Schweinf.
1298 2442 1385 2479 7251
1407 2446 1445 2478 et
1464 2443 1967 2488 101601nvolucrafructi—

280 2495 362 2529 fera
381 2493 531 2528 semine
552 2491 782 2526 Caunabeos
803 2489 920 2537 paulo
939 2490 1098 2536 majora.

327 2560 390 2593 Ar.
410 2557 542 2601 Geoqr.
574 2554 716 2600 Nubia,
736 2554 964 2600 Abyssinia‚
984 2553 1133 2588 Arabia
1158 2553 1319 2599 tropica,
1339 2553 1452 2589 India
1471 2554 1651 2590 borealis.

341 2665 380 2706 3.
402 2664 460 2706 C.
482 2661 998 2718 pennisetiiormis
1024 2661 1272 2717 (Hochst.et
1300 2663 1449 2706 Steud.
1474 2664 1516 2706 in
1536 2664 1724 2718 Schimp.
1742 2676 1834 2707 exs.
1863 2665 1969 2720 978)

279 2735 469 2769 annuus,
510 2721 663 2764 culmis
720 2720 924 2763 tenuibus
982 2722 1643 2774 precumbenti-ascendentibus
1700 2724 1969 2777 geniculatis,

280 2782 394 2824 foliis
434 2784 615 2833 anguste
658 2780 906 2821 lanceolatis
946 2780 1200 2823 acuminatis
1236 2782 1493 2835 vaginisque
1532 2783 1700 2835 asperis
1744 2786 1787 2824 et
1821 2783 1917 2836 pilis
1949 2795 1971 2826 e

279 2839 509 2883 tuberculo
534 2838 641 2880 ortis
663 2839 761 2892 plus
784 2839 929 2880 minus
960 2838 1130 2890 obsitis,
1156 2840 1394 2882 involucris
1427 2841 1743 2883 subsessilibus
1782 2842 1972 2893 globosis

282 2898 601 2952 1-2-spiculatis
625 2897 667 2939 in
694 2898 854 2950 spicam
883 2897 1075 2940 breviter
1107 2899 1384 2950 cylindricam
1427 2899 1749 2942 densiusculam
1788 2900 1974 2953 disposi-

282 2958 351 3008 tis,
378 2958 482 3001 setis
507 2956 720 2999 involucri
742 2956 936 2999 externis
965 2956 1179 2999 subulatis
1203 2957 1409 3000 brevibus
1445 2958 1728 3000 interioribus
1756 2959 1974 3001 validiori·
