2062 3314
256 238 330 276 630
1001 244 1225 272 GRAMINEAE
1793 235 1950 285 Vulpia.

307 321 409 357 Hab.
431 320 471 355 in
494 319 668 355 arenosis
690 318 898 354 maritimis
930 317 1070 354 Attieae
1096 318 1286 364 (Heldrt),
1305 319 1452 365 Egypti
1473 319 1668 355 interioris
1700 318 1751 354 ad
1786 319 1958 355 Alexan-

257 369 388 405 driam
408 368 527 412 (Ebrl
549 367 723 402 Letourn
736 368 774 411 l).

308 435 370 469 Ar.
391 434 523 477 Geoqr.
543 431 688 476 Anglia
708 433 745 466 et
767 431 969 476 Hibernia,
998 430 1129 467 Gallia
1154 430 1413 467 occidentalis
1446 433 1484 467 et
1520 430 1718 476 australis,
1753 430 1960 478 Hispania,

263 481 480 524 Lusitania,
504 479 630 523 Istria,
650 478 859 523 Dalmatia,
878 478 1011 514 Africa
1029 477 1213 514 borealis.

261 616 384 660 Smer.
416 616 466 658 lI.
497 612 819 657 SPIRACHNE
842 615 1016 657 Hackel.
1045 637 1099 643 —
1127 613 1335 655 Pedicelli
1373 625 1565 667 superne
1592 613 1837 657 incrassati.
1867 612 1962 668 Spi-

559 676 666 717 culae
690 674 898 716 flosculus
921 674 1099 716 infimus
1129 672 1282 714 unicus
1314 673 1483 725 fertilis,
1516 673 1675 726 reliqui
1698 673 1750 714 ad
1782 673 1962 725 glumel-

560 734 642 776 lam
659 733 825 775 reducti
851 745 1027 776 sursum
1048 731 1350 774 decrescentes
1378 733 1420 773 in
1446 732 1698 774 fasciculum
1720 731 1961 785 stipitatum

564 793 744 835 disticlie
774 793 837 833 vel
869 792 1091 845 spiraliter
1109 791 1314 843 congesti.
1341 789 1510 833 Gluniae
1535 790 1726 845 aequales
1748 791 1964 843 glumellae

559 852 682 893 floris
727 851 881 893 fertilis
921 851 1100 893 similes.
1147 848 1340 891 Stamina
1382 850 1463 892 tria
1512 849 1708 892 antheris
1752 849 1960 891 minimis.

562 912 730 952 tilumze
754 910 943 963 aequales
966 909 1182 962 glumellae
1208 908 1329 951 floris
1365 909 1520 951 fertilis
1558 909 1738 951 similes.
1771 908 1964 951 Stamina

561 970 642 1011 tria
677 969 869 1010 antlieris
901 969 1108 1010 minimis.
1134 966 1370 1022 Caryopsis
1405 967 1585 1010 linearis
1616 966 1710 1010 basi
1739 970 1964 1011 attenuata

567 1028 684 1082 apice
709 1028 951 1069 rotundala.

324 1143 372 1184 6.
399 1139 459 1182 V.
482 1140 658 1193 inops
686 1138 798 1192 (Del.
827 1138 883 1180 Fi.
906 1139 977 1192 Eg.
999 1138 1150 1193 Suppl.
1167 1139 1252 1184 tab.
1270 1140 1338 1190 63,
1366 1137 1438 1192 fig.
1461 1137 1491 1191 Ι,
1512 1137 1627 1179 ined.
1652 1135 1734 1180 sub
1761 1135 1965 1192 Festucd)

264 1213 408 1243 annua
434 1199 610 1253 pumila,
635 1198 790 1240 culmis
817 1198 1018 1252 pluribus
1043 1198 1202 1241 erectis
1231 1199 1297 1240 vel
1321 1197 1660 1239 ascendentibus
1685 1196 1776 1239 fere
1801 1196 1853 1237 ad
1878 1197 1967 1250 api-

264 1272 355 1301 cem
389 1270 529 1312 usque
566 1257 721 1298 loliatis
758 1257 983 1310 puberulis
1019 1258 1082 1298 vel
1126 1257 1303 1310 glabris,
1346 1256 1459 1299 foliis
1498 1259 1679 1309 anguste
1724 1254 1966 1298 linearibus

264 1319 438 1361 demum
479 1316 759 1368 complicatis,
804 1311 931 1368 ligula
972 1315 1144 1366 obtusa,
1182 1317 1379 1369 panicula
1428 1315 1549 1357 brevi
1585 1314 1720 1357 densa
1762 1313 1969 1357 ohovato-

265 1378 445 1429 oblonga
476 1375 710 1428 spiciformi
747 1376 878 1417 ramis
921 1374 1128 1417 brevibus
1165 1376 1342 1425 strictis,
1367 1373 1592 1428 pedicellis
1616 1372 1824 1416 brevibus
1855 1381 1980 1416 com-'

265 1437 445 1490 pressiS,
472 1434 629 1486 glumis
658 1434 910 1488 aequilongis
943 1434 1105 1488 glabris
1139 1434 1206 1476 vel
1235 1435 1360 1477 hirtis
1392 1433 1641 1486 glumellam
1675 1432 1967 1487 aequantibus·

264 1495 461 1536 inferiori
508 1498 688 1544 anguste
723 1493 925 1535 subulata
951 1493 1179 1548 superiore
1219 1493 1451 1536 lanceolata
1489 1495 1675 1546 utraque
1708 1492 1754 1533 in
1790 1491 1968 1534 aristam

266 1554 434 1605 longam
461 1552 706 1599 attenuatis,
733 1554 938 1604 glnmella
966 1553 1087 1594 ssoris
1109 1552 1265 1595 fertilis
1289 1552 1436 1605 glabra
1466 1553 1533 1593 vel
1560 1551 1671 1594 hirta
1704 1552 1827 1603 longe
1862 1550 1969 1595 aris-

267 1615 369 1663 tata,
403 1609 620 1663 glumellis
662 1610 819 1653 florum
861 1612 1075 1653 sterilium
1113 1613 1251 1654 multo
1291 1610 1569 1654 brevioribus
1611 1610 1736 1664 longe
1777 1609 1968 1653 aristatis

265 1671 485 1724 supremis
503 1670 557 1711 ad
582 1670 758 1711 aristam
778 1670 970 1713 reductis
997 1675 1061 1721 O.
1090 1670 1131 1712 V.
1153 1671 1280 1723 inops
1303 1671 1464 1713 Hackel
1487 1669 1609 1712 Flora
1638 1671 1767 1718 1880,
1791 1668 1889 1710 467.
1913 1692 1971 1699 -

276 1729 315 1771 V.
342 1728 483 1771 brevis
510 1728 645 1770 Boiss.
672 1731 713 1771 et
741 1729 818 1783 Ky.
847 1730 998 1783 Diagn.
1024 1729 1118 1772 Ser.
1148 1729 1199 1779 11,
1232 1732 1272 1778 4,
1310 1744 1355 1784 p,
1386 1730 1487 1771 139.
1516 1747 1571 1760 ὼ
1605 1728 1789 1771 Festuca
1813 1725 1971 1770 biaris-

267 1790 360 1829 tata
383 1788 572 1830 Ehrenb.
603 1788 700 1833 Mss.

312 1862 413 1899 Hab.
437 1864 479 1898 in
496 1862 600 1909 agris
620 1865 798 1899 arenosis
826 1865 969 1911 Egypti
997 1865 1195 1900 inferioris
1225 1865 1276 1900 ad
1307 1864 1501 1900 Mandara
1534 1874 1656 1911 prope
1686 1862 1971 1900 Alexandriam

264 1911 386 1955 (Elirl
416 1911 587 1946 Letourn
604 1921 683 1946 exs.
709 1911 829 1956 1651),
861 1912 908 1947 ad
933 1912 1047 1947 Abou
1070 1911 1253 1948 Merzouk
1285 1911 1427 1947 deserti
1458 1911 1850 1958 Egyptiaco·Syriaci
1881 1909 1969 1954 (W.

265 1959 472 2004 Barbeyl),
490 1959 530 1994 in
550 1958 787 2003 graminosis
808 1959 894 1994 Mar
915 1959 1077 1995 Tserkis
1099 1959 1241 1995 Libani
1261 1959 1365 1996 4800’
1383 1959 1483 2005 (Kyi
1505 1960 1594 1995 2258!
1613 1959 1738 1995 Statio
1756 1957 1971 2004 subalpina

264 2006 491 2050 abnormis;
513 2016 563 2041 an
586 2016 716 2041 errore
737 2005 939 2042 schedulae
953 2008 998 2050 12).

313 2070 442 2106 Culmi
462 2070 524 2106 3-5
545 2069 767 2116 pollicareS,
799 2070 958 2115 spiculae
984 2080 1131 2117 sparsae
1157 2072 1195 2106 et
1222 2070 1399 2107 distichae
1427 2070 1533 2115 (Vici.
1557 2070 1735 2106 Aschers.
1763 2069 1850 2105 Bot.
1881 2067 1970 2104 Ver·

266 2117 494 2153 Brandenb.
514 2116 634 2161 XXII,
657 2128 694 2163 p.
718 2118 796 2162 111,
818 2118 877 2152 ti'i.
893 2117 916 2152 3
935 2120 972 2153 et
985 2119 1025 2162 4)
1043 2118 1113 2153 sed
1128 2118 1238 2153 adest
1258 2118 1383 2154 forma
1401 2118 1527 2153 rarior
1545 2117 1845 2152 submonstrosa
1862 2114 1971 2162 pedi-

267 2165 376 2200 cellis
392 2166 513 2199 ternis
534 2166 574 2199 in
595 2164 695 2199 rami
724 2167 832 2211 apice
856 2166 1096 2200 fasciculatis
1118 2166 1157 2199 in
1181 2168 1257 2211 qua
1275 2165 1432 2211 glumae,
1451 2165 1640 2210 gluinella
1661 2163 1918 2200 florisfertilis
1935 2165 1972 2197 et

266 2212 464 2256 glumellae
476 2211 627 2246 steriles
642 2222 759 2247 axeos
774 2213 938 2247 tortione
957 2212 1152 2258 spiraliter
1167 2211 1432 2258 disponuntur
1448 2211 1565 2256 (Vide
1577 2211 1701 2247 Hack.
1716 2211 1739 2246 1.
1753 2212 1874 2256 cit.,p.
1891 2208 1971 2255 468,

268 2259 330 2304 fig.
351 2261 369 2293 1
392 2263 428 2293 et
445 2259 468 2293 2
490 2262 527 2294 et
548 2259 661 2294 Asch.
690 2259 715 2294 l.
734 2261 797 2300 eit,
821 2269 908 2305 pag.
929 2260 1006 2303 2110,
1025 2260 1088 2304 ssg.
1110 2259 1129 2294 1
1152 2262 1190 2294 et
1208 2259 1261 2305 2).
1287 2260 1382 2294 Haec
1400 2259 1529 2295 forma
1556 2261 1668 2305 prius
1685 2259 1912 2294 innotuerat
1933 2257 1972 2292 et

263 2315 313 2340 ex
335 2306 419 2351 ejus
439 2306 750 2341 conformatione
770 2307 943 2342 Sectioni
973 2317 1119 2342 nomen
1151 2305 1391 2353 sz'raclmes
1417 2316 1441 2341 a
1468 2306 1515 2342 cl.
1550 2305 1704 2341 Hackel
1737 2306 1971 2351 impositum

266 2353 339 2388 tuit
361 2353 454 2388 Hzec
476 2353 682 2399 dispositio
703 2354 859 2399 spiratis
879 2354 920 2388 in
944 2354 1043 2389 aliis.
1058 2354 1284 2389 Gramineis
1313 2363 1471 2400 quoque
1493 2353 1674 2399 occurrit,
1692 2363 1778 2389 eam
1799 2355 1840 2387 in
1882 2349 1970 2386 Vul-

267 2397 337 2446 pz‘c‘i
355 2398 494 2436 οῖίίαιᾶ
514 2410 597 2436 var.
608 2398 788 2447 pliimosa‘f
808 2410 966 2447 quoque
987 2401 1215 2436 observavi.

267 2532 399 2575 Sper.
429 2533 504 2575 Ill.
533 2532 779 2576 LORETIA
802 2533 965 2588 (Duval
989 2532 1129 2576 Jouve
1159 2533 1227 2588 (ut
1257 2534 1430 2589 genus).
1459 2533 1586 2576 Flora
1617 2534 1745 2585 1880,
1778 2544 1818 2587 p.
1845 2529 1968 2587 477).

563 2592 766 2636 Pedicelli
795 2604 986 2646 superne
1016 2593 1258 2636 incrassati.
1294 2592 1483 2636 Flosculi
1522 2591 1692 2635 fertiles
1720 2592 1763 2633 in
1800 2590 1970 2645 spicula

569 2653 731 2705 plures.
773 2651 939 2694 Glumae
977 2652 1101 2694 valde
1141 2652 1393 2705 inaequales.
1425 2651 1617 2694 Stamina
1651 2651 1735 2693 tria
1777 2648 1971 2692 antheris

568 2711 746 2764 magnis.
784 2709 1018 2764 Caryopsis
1070 2711 1264 2763 elongata
1304 2711 1472 2754 interne
1513 2713 1744 2753 attenuata*
1779 2718 1971 2762 superne

569 2771 797 2812 subl-atior.

331 2883 370 2923 7.
397 2881 462 2923 V.
488 2882 793 2938 Lirqustica
813 2882 919 2937 (All.
944 2883 1118 2925 Pedem.
1141 2882 1197 2932 Π,
1222 2895 1264 2936 p.
1288 2883 1372 2925 249
1394 2882 1475 2926 sub
1499 2881 1681 2936 Bromo]
1703 2892 1863 2926 annua.
1881 2879 1968 2923 cul'·

270 2941 355 2983 mis
386 2942 545 2984 erectis
585 2943 650 2983 vel
689 2942 1038 2991 ascendentibus,
1066 2942 1173 2984 loliis
1211 2942 1450 2984 linearibus
1487 2941 1782 2995 planissiccis
1818 2949 1973 2982 convo-

270 3000 379 3042 lutis
405 3012 596 3055 superne
619 3000 970 3054 pubescentibus,
995 3001 1126 3054 ligula
1157 3001 1278 3043 brevi
1314 3002 1527 3052 truncata,
1558 3000 1771 3054 paniculae
1801 3008 1972 3052 compo-
