2089 3246
168 221 414 270 Sayzttaria.
905 230 1141 257 ALISMACEAE
1830 224 1849 258 1
1857 224 1877 259 1

662 370 968 419 sAGlTTARlA
1006 372 1064 433 (L.
1094 372 1194 420 Gen.
1235 371 1380 433 1067).

234 517 385 560 Flores
425 515 608 559 monoici
654 516 714 570 (in
762 526 882 569 spec,
931 517 1043 557 exot.
1088 514 1308 558 interdum
1356 515 1480 557 dioici
1529 515 1593 558 vel
1638 515 1872 570 polygami)

175 577 429 630 superiores
484 575 677 617 masculi.
725 573 877 629 Sepala
930 574 1011 615 tria
1059 575 1271 616 herbacea
1323 574 1616 628 persistentia.
1665 575 1808 617 Petala
1847 578 1871 616 3

170 637 317 688 calyce
351 635 512 688 majora
549 634 729 676 decidua
763 633 1036 675 aestivatione
1070 633 1310 674 imbricata.
1347 633 1478 674 Maso.
1518 633 1708 675 Stamina
1736 647 1870 687 supra

173 695 496 748 receptaculum
527 693 691 736 inserta
716 693 759 734 in
787 694 936 734 nostra
965 703 1216 743 numerosa,
1243 692 1462 733 filamenta
1492 692 1654 744 brevia,
1679 693 1871 733 antlierze

173 753 377 796 basilixae.
427 751 539 793 Fam.
579 750 738 794 Ovaria
784 750 1010 793 indefinita
1051 752 1323 804 receptaculo
1377 751 1643 793 subcarnoso
1695 751 1870 803 globoso

173 812 405 855 insidentia
448 811 490 852 in
516 811 755 864 capitulum
793 813 998 863 congesta
1034 821 1285 863 compressa
1329 813 1578 852 extrorsum
1612 810 1738 863 gibba
1778 811 1871 851 uni-

172 872 349 913 ovulata
404 871 533 912 ovulo
582 875 738 923 erecto,
794 870 936 923 stylus
993 868 1156 917 brevis,
1216 869 1369 922 stigma
1421 869 1603 921 simplex
1651 869 1868 910 obtusum.

174 929 372 984 Carpella
401 929 730 971 membranacea
764 939 1014 982 compressa
1054 927 1304 980 marginata.
1340 926 1494 969 Semen
1531 932 1740 970 erectum.
1773 927 1870 968 Em-

174 989 283 1042 bryo
313 988 629 1030 uncinatus.-—
647 988 793 1030 Herba
817 987 1016 1040 aquatica
1040 986 1223 1029 floribus
1251 987 1454 1028 ternatim
1480 987 1749 1029 verticillalis
1779 999 1873 1029 ver-

174 1048 315 1090 ticillis
341 1047 517 1090 remotis
540 1047 631 1089 basi
656 1047 840 1089 bracteis
864 1045 1206 1088 membranaceis
1229 1046 1382 1087 obsitis
1410 1046 1453 1087 in
1480 1058 1698 1087 racemum
1725 1046 1872 1087 termi-

175 1107 316 1149 nalem
344 1106 584 1159 dispositis.

237 1229 275 1269 1.
313 1226 362 1269 S.
389 1225 745 1281 sagittiiolia
772 1223 837 1280 (L.
864 1223 936 1278 Sp.
967 1223 1098 1280 1410)
1128 1223 1239 1266 foliis
1268 1224 1390 1276 longe
1414 1223 1630 1278 petiolatis
1659 1224 1871 1277 profunde

173 1286 384 1340 sagittatis
427 1286 566 1327 acutis
605 1284 713 1327 lobis
744 1283 1073 1337 divergentibus
1109 1282 1383 1333 acuminatis,
1413 1296 1542 1336 scapo
1583 1287 1724 1325 erecto
1770 1283 1871 1324 sim·

173 1346 284 1399 plici,
313 1344 534 1399 pedicellis
562 1344 668 1386 flore
696 1344 959 1398 bracteaque
981 1342 1353 1395 sublongioribus,
1381 1342 1534 1395 petalis
1577 1343 1685 1383 albis
1729 1342 1871 1395 calyce

170 1405 305 1458 duplo
336 1403 606 1456 longioribus
630 1403 827 1445 obovatis
852 1406 1108 1444 transverse
1138 1401 1363 1443 latioribus
1402 1402 1442 1443 in
1475 1414 1662 1453 unguem
1695 1401 1870 1442 brevem

168 1464 419 1511 contractis,
447 1463 651 1517 carpellis
675 1462 870 1504 obovatis
895 1461 1023 1503 dorso
1048 1462 1171 1503 alatis
1196 1460 1371 1514 oblique
1409 1463 1451 1502 et
1480 1461 1635 1502 obtuse
1674 1460 1873 1502 rostratis

181 1528 240 1569 26.
282 1522 335 1564 lc.
377 1524 479 1564 Lam
539 1521 603 1563 Ill.
647 1521 729 1563 tab.
761 1522 860 1563 776.
892 1544 947 1550 —
990 1519 1123 1561 chb.
1150 1518 1294 1561 Germ.
1321 1520 1390 1572 sig.
1419 1520 1488 1561 94.
1515 1544 1567 1548 —
1609 1519 1720 1560 Nee÷
1763 1517 1872 1561 Gen.

167 1581 317 1624 Germ.
345 1581 399 1624 Ic.

218 1665 321 1700 Hah.
346 1666 385 1700 in
406 1665 533 1711 aquis,
552 1663 785 1699 Macedonia
807 1665 845 1698 et
873 1662 1043 1697 Thracia
1061 1662 1182 1707 (Friv.
1215 1672 1264 1697 ex
1284 1660 1470 1705 Griseb.),
1492 1661 1803 1696 Transcaucasia
1822 1659 1871 1694 ad

170 1722 277 1747 mare
298 1713 462 1758 Nigrum
482 1721 604 1758 prope
625 1709 872 1746 Redoutkale
901 1710 1113 1754 (Bayernl)
1151 1712 1187 1744 et
1217 1709 1267 1744 ad
1294 1709 1481 1754 Caspium
1506 1718 1623 1754 prope
1658 1707 1871 1743 Lenkoran

169 1759 375 1805 (Hohen.)‚
402 1759 626 1805 Babylonia
645 1758 694 1793 ad
714 1758 850 1792 Korna
868 1757 969 1802 (Noe
982 1759 1018 1802 !),
1041 1756 1256 1803 Affghania
1274 1756 1428 1801 (tirus.)

216 1835 279 1870 Ar.
303 1845 433 1880 qeoqr.
456 1835 614 1880 Europa
629 1833 945 1880 septentrionalis
961 1831 1140 1868 etmedia
1159 1843 1180 1867 a
1195 1831 1463 1867 Scandinavia
1482 1833 1518 1866 et
1548 1830 1690 1866 Rossia'i
1723 1829 1872 1865 boreali

167 1881 220 1916 ad
260 1882 520 1924 Lusitaniam,
563 1881 800 1927 Hispaniam
838 1883 876 1915 et
918 1880 1071 1915 Italiam
1108 1879 1313 1923 australes,
1346 1879 1547 1924 regionem
1588 1877 1867 1921 Danubiailein,

162 1928 315 1964 sibilia
338 1932 427 1976 tota,
447 1929 561 1965 India
581 1928 798 1974 orientalis,
826 1928 964 1973 China,
981 1927 1160 1974 Japonia,

572 2132 737 2179 ORD.
778 2132 991 2179 Cxxn.
1025 2130 1499 2178 BUTOMAGEAE.

868 2273 934 2328 (L.
971 2272 1012 2315 C.
1046 2273 1190 2325 Rich.)

232 2411 383 2454 Flores
419 2411 762 2465 hermapliroditi
786 2412 1028 2465 regulares.
1059 2411 1340 2465 Perigonium
1367 2412 1673 2465 liexapliyllum
1711 2411 1870 2465 pliyllis

175 2470 392 2513 biseriatis
417 2470 709 2513 exterioribus
733 2471 938 2525 calycinis
961 2472 1028 2514 vel
1061 2471 1281 2513 interdum
1304 2471 1544 2521 corollinis,
1571 2471 1710 2512 tribus
1739 2471 1871 2512 inter-

175 2530 244 2572 nis
269 2530 506 2583 maj0ribus
534 2530 800 2583 petaloideis.
825 2530 1019 2573 Stamina
1055 2530 1283 2584 liypogyna
1331 2530 1504 2572 definita
1535 2532 1601 2572 vel
1634 2530 1869 2577 indeliniln,

173 2589 568 2632 antlierzelineares
589 2589 847 2632 biloculares
873 2589 1108 2631 lateraliter
1126 2589 1367 2631 secundum
1392 2589 1704 2642 longitudinem
1734 2588 1875 2631 deliis·

171 2652 331 2690 centes.
359 2648 518 2691 Ovaria
542 2660 618 2691 sex
637 2650 703 2690 vel
726 2649 911 2702 plurima
937 2649 1194 2691 verticillata
1213 2648 1415 2690 distincta
1441 2650 1505 2689 vel
1542 2648 1631 2690 basi
1656 2649 1874 2690 coluri-en-

175 2707 232 2749 tia
272 2707 552 2749 unilocularia
594 2708 912 2750 multiovnlata.
966 2708 1102 2750 Ovula
1144 2709 1351 2761 placentae
1388 2708 1581 2760 parietali
1637 2708 1873 2749 reticulalze

169 2766 302 2808 affixa
340 2770 560 2820 anatropa.
590 2765 785 2820 Carpella
823 2769 978 2809 sutura
1023 2768 1207 2809 ventrali
1241 2766 1522 2809 dehiscentia.
1566 2767 1739 2808 Semina
1778 2778 1875 2808 cre-

169 2824 365 2868 berrima
393 2825 736 2878 exalbuminosa,
765 2826 947 2880 embryo
972 2829 1118 2869 rectus
1145 2827 1210 2868 vel
1240 2826 1484 2868 uncinatus.
