2089 3246
109 199 189 236 Ire's
860 205 1064 232 mloACEAE
1752 199 1824 235 123

162 299 200 340 8.
225 297 261 341 1.
293 296 528 339 fumosa
551 294 711 347 (Boiss.
752 299 793 338 et
830 294 1021 338 Haussk.
1051 296 1092 336 in
1128 295 1315 337 Haussk.
1342 293 1496 338 Sched.
1528 297 1657 348 1865)
1684 298 1805 341 bulbi

98 357 215 400 ovati
253 356 409 399 tunicis
448 354 788 397 membranaceis
829 355 954 407 longe
995 354 1233 407 productis,
1274 355 1397 396 caule
1440 356 1641 408 elongato
1687 360 1814 399 8-10-

101 417 213 458 ssoro
235 414 417 458 disticbe
442 418 484 456 et
514 414 772 457 imbricatim
805 414 1073 468 polypbyllo,
1097 414 1211 455 foliis
1255 413 1633 467 glaucescentibus
1673 418 1816 459 eleva-

103 477 178 519 tim
210 474 504 517 multiuerviis
532 474 614 515 late
639 474 890 516 lanceolatis
919 473 1056 515 acutis
1082 474 1485 515 arcuato-recurvis
1509 475 1814 519 canaliculato·

101 534 273 588 plicatis
300 532 604 586 superioribus
622 532 784 575 sensim
805 532 1146 585 angustioribus,
1165 531 1348 574 floribus
1377 533 1419 574 in
1445 533 1588 575 axillis
1607 533 1817 579 solitariis

106 593 270 647 spatbis
295 592 514 635 tubulosis
539 590 611 634 vix
639 591 801 634 iussatis
817 591 1077 634 acuminatis
1098 591 1268 633 inferne
1292 590 1638 635 membranaceis
1664 594 1818 637 sufful-

104 653 174 704 tis,
210 651 313 694 tubo
350 651 527 704 spathas
569 650 640 692 vix
679 654 916 705 superante
965 651 1115 692 ovario
1150 650 1400 704 quadruplo
1433 651 1563 693 limbo
1597 652 1818 707 subdupli)

108 710 315 764 longiore,
347 710 461 752 limbi
487 710 947 753 ocbroleuco-virentis
974 710 1071 763 plus
1101 711 1244 752 minus
1273 710 1624 754 fumoso-suffusi
1650 713 1817 755 laciniis

103 770 398 812 exterioribus
432 769 1012 823 spatbulato-oblanceolatis
1039 769 1166 823 paulo
1189 780 1324 823 supra
1351 768 1580 813 dimidium
1614 773 1815 814 recurvis

106 830 217 871 linea
242 830 409 872 elevata
448 828 719 871 cristaesormi
761 828 919 871 ssavida
950 828 1183 881 percursis,
1216 828 1382 870 laciniis
1420 829 1604 871 internis
1635 831 1815 874 minutis

102 888 284 930 deflexis
320 888 613 931 uneuiculatis
649 888 767 941 apice
809 887 1274 941 spatbutato-dilatatis
1311 887 1682 941 dentato-laceris,
1708 891 1818 944 stig-

103 947 229 988 matis
269 947 441 1001 oblongi
486 946 660 989 concavi
703 946 812 989 lobis
854 947 994 989 ovatis
1036 945 1378 989 eroso-dentatis
1421 947 1584 989 laciniis
1620 951 1810 997 externi.

101 1006 465 1049 subbrevioribus
501 1012 561 1054 35.
596 1005 794 1058 Xe'pleion
831 1005 1026 1048 Anchari
1064 1005 1205 1047 Bakcr
1241 1005 1282 1047 in
1313 1005 1456 1048 Seem.
1490 1006 1646 1049 Jouru.
1683 1010 1814 1052 1871s

106 1078 145 1119 p.
176 1067 299 1107 1010.

151 1139 250 1174 Hal).
269 1139 309 1174 in
340 1140 446 1182 agris·
476 1142 513 1175 et
541 1140 652 1175 siccis
683 1138 868 1174 calcat-eis
900 1138 1024 1184 Syriae
1059 1138 1108 1174 ad
1141 1138 1295 1185 Aleppo
1317 1141 1355 1175 et
1375 1139 1594 1176 Turmanin
1613 1141 1817 1187 (1{y.2:›2!

107 1186 318 1231 Hausskl).
346 1186 404 1221 Fl.
425 1186 563 1222 Marte.

153 1251 413 1298 semipedalis
445 1251 509 1287 vel
543 1250 709 1298 pedalis,
739 1251 831 1286 folia
861 1251 930 1286 4-5
950 1250 1113 1297 pollices
1143 1251 1263 1297 longa
1284 1252 1437 1287 inferne
1470 1251 1818 1300 1¹s‘2-2p01121at21.

101 1300 297 1346 perigouii
317 1299 438 1337 tubus
457 1299 578 1345 2-21s2
598 1298 772 1345 pollices,
793 1298 940 1334 limbus
959 1298 1279 1345 sesquipollicem
1307 1298 1462 1346 longus.

164 1407 202 1446 9.
241 1404 281 1447 1.
317 1404 577 1448 Stocksii
610 1405 773 1460 (Baker
806 1403 938 1446 Gard.
975 1403 1132 1447 Gbron.
1166 1406 1290 1450 1876.
1320 1418 1360 1460 p.
1385 1403 1470 1448 7⁶23
1506 1408 1588 1449 sub
1626 1406 1814 1459 Xe'plzio]

104 1465 224 1506 bulbi
264 1464 436 1518 oblongi
472 1464 633 1506 tunicis
675 1464 1020 1507 membranaceis
1073 1465 1208 1508 fuscis
1254 1465 1381 1518 louge
1419 1466 1656 1519 productis,
1687 1467 1819 1508 caule

105 1523 226 1566 brevi
257 1523 325 1566 vel
363 1523 634 1576 longiusculo
669 1523 850 1566 disticbe
888 1528 930 1566 et
970 1524 1279 1567 remotiuscule
1322 1525 1564 1578 7-8-pbyllo
1603 1525 1818 1571 tlt-floro,

104 1583 217 1625 foliis
233 1587 415 1636 anguste
440 1583 687 1626 lanceolatis
719 1583 887 1637 plicatis
911 1583 1420 1626 attenuato-acuminatis
1447 1584 1817 1628 falcato-incurvis

102 1643 304 1701 elevatim
347 1642 641 1699 multinerviis
683 1642 1082 1693 albo-marginatis,
1122 1643 1290 1696 spathis
1320 1644 1579 1686 axillaribus
1613 1645 1815 1686 uuitloris

105 1701 354 1744 lanceolatis
387 1702 525 1743 acutis
563 1701 926 1747 subventricosis.
949 1701 1054 1744 tubo
1096 1702 1309 1756 perigonii
1352 1716 1438 1745 non
1475 1708 1664 1750 exserto.
1698 1704 1815 1745 limbi

102 1760 179 1810 (ex
219 1760 350 1816 sicco)
387 1760 544 1815 pallide
575 1761 676 1802 ssavi
715 1761 881 1803 laciniis
907 1762 1112 1803 externis
1148 1761 1349 1804 obovatis
1385 1762 1428 1804 in
1459 1774 1646 1815 unguem
1686 1762 1819 1815 duplo

108 1819 344 1872 longiorem
367 1821 527 1862 sensim
554 1821 806 1868 attenuatis,
841 1820 1026 1862 internis
1059 1821 1206 1874 parvis
1231 1822 1576 1865 horizontalilms
1601 1822 1820 1864 rbomboi-

107 1878 200 1921 deis
221 1879 460 1928 cuspidatis
486 1880 528 1921 in
555 1892 742 1932 unguem
769 1880 955 1933 abrupte
980 1882 1232 1926 contractis.
1255 1881 1506 1935 stigmate„
1539 1884 1595 1926 26.

157 1953 259 1989 Hah.
277 1955 315 1989 in
336 1954 496 1996 regione
522 1955 709 1990 montana
729 1960 767 1989 et
789 1954 924 2000 alpina
944 1953 1168 1996 Affghaniae
1191 1955 1356 2000 (Grifm,
1382 1955 1620 1991 Belutscbiae
1651 1955 1689 1991 in
1717 1956 1823 1991 colli-

110 2000 186 2036 bus
209 2011 327 2048 prope
347 2001 518 2043 Quen-ali
537 2006 574 2037 et
594 2002 632 2036 in
658 2004 790 2037 monte
810 2001 959 2038 (lbehel
988 2001 1076 2036 Tun
1097 2002 1320 2038 5000-9500'
1343 2002 1517 2047 (Stocks.
1535 2004 1652 2043 9611),

165 2067 227 2118 βῖ)
251 2079 479 2119 purpurea
504 2066 642 2109 Baker
669 2067 712 2110 in
741 2067 818 2110 litt.
843 2091 902 2099 —
920 2067 1176 2110 Subacaulis
1197 2068 1398 2114 unissora,
1425 2069 1522 2110 solia
1545 2069 1817 2111 abbreviata.

156 2140 257 2176 Hab.
278 2142 317 2177 in
337 2142 437 2176 valle
460 2141 632 2177 Kurrum
657 2141 882 2187 Affghaniae
902 2141 1049 2186 [Aitcli.
1071 2142 1121 2176 ΙΨ
1139 2142 1183 2176 71
1197 2144 1238 2187 ἱ).

158 2202 298 2238 Planta
325 2202 621 2249 6-9-pollica1·is‚
646 2202 739 2238 folia
759 2203 823 2239 5-6
842 2204 1045 2249 pollicaria
1067 2203 1131 2239 5-6
1150 2203 1277 2239 lineas
1296 2204 1372 2239 lata
1391 2217 1399 2249 ;
1418 2205 1568 2251 species
1590 2213 1639 2240 ex
1660 2203 1822 2239 tioribus

109 2250 316 2286 emarcidis
336 2255 374 2285 ct
391 2251 510 2296 igitur
531 2250 755 2297 imperfecte
777 2255 883 2286 nota.

175 2363 241 2404 10.
270 2361 304 2404 l.
331 2361 666 2406 Aitchisoni
691 2361 854 2416 (Baker
886 2361 1032 2404 lourn,
1067 2360 1160 2403 Bot.
1199 2363 1305 2404 1875
1327 2360 1473 2416 (xlll)
1503 2375 1540 2416 p.
1573 2359 1678 2417 108)
1707 2361 1823 2403 bulbi

112 2422 225 2463 ovati
263 2421 421 2463 tunicis
461 2420 673 2464 brunncis
715 2421 1071 2463 membranaceis.
1108 2421 1217 2462 toliis
1244 2420 1510 2463 radicalibus
1536 2422 1605 2462 3-:3
1641 2426 1825 2473 anguste

115 2480 354 2522 linearibus
388 2481 626 2533 gramineis
665 2480 959 2523 canaliculatis
1002 2481 1205 2522 nervosis
1244 2481 1678 2533 corneo-marginatis
1716 2481 1826 2521 cauli

115 2539 433 2582 2·3-bracteat0
459 2539 654 2582 1-3-ssoro
683 2539 954 2593 aequilongis.
988 2540 1152 2593 spatbae
1173 2539 1311 2581 valvis
1337 2540 1585 2581 lanceolatis
1612 2539 1827 2580 membra-

115 2599 257 2641 naceis
296 2598 447 2641 tubum
485 2598 774 2653 aequantibus,
814 2599 1025 2651 perigonii
1070 2598 1171 2641 tubo
1215 2603 1401 2652 anguste
1429 2598 1824 2640 insumlibulit‘«›rmi

115 2658 261 2699 ovario
296 2658 439 2699 sessili
468 2658 703 2711 cylindrico
734 2659 859 2700 tertia
898 2663 1019 2711 parte
1046 2658 1254 2711 longiore,
1292 2657 1409 2699 limbi
1445 2658 1546 2700 tubo
1579 2658 1711 2711 duplo
1739 2659 1828 2698 lun-

115 2716 247 2768 gioris
266 2717 672 2771 lilaciuo-purpurei
694 2718 860 2759 laciniis
880 2718 1076 2759 externis
1093 2717 1556 2771 oblongo-spatllulatis
1576 2718 1615 2758 in
1638 2730 1825 2769 unguem

115 2775 349 2818 attenuatis
391 2776 536 2817 carina
577 2774 685 2818 [lava
721 2777 886 2818 elevata
918 2789 1112 2830 superne
1157 2777 1403 2825 instructis,
1439 2777 1603 2818 laciniis
1640 2776 1825 2817 internis

111 2833 296 2876 deflexis
330 2835 459 2888 triplo
489 2834 765 2878 brevioribus
790 2836 912 2889 longe
944 2836 1237 2888 unguiculatis
1266 2836 1422 2878 lamina
1449 2837 1581 2890 parva
1611 2835 1828 2877 rbomboi-

112 2891 443 2947 deo-cuspidata
479 2899 537 2942 26.

165 2966 263 3002 Hab.
283 2968 323 3003 in
339 2967 552 3015 Affgliania
574 2978 694 3015 prope
716 2968 877 3014 Otipore
906 2967 1036 3012 (Grill‘,
1058 2978 1105 3004 ex
1127 2967 1255 3003 Baker
1273 2967 1606 3012 varstamflorw.
1627 2967 1712 3003 Nou
1735 2967 1829 3001 vidi-
