2062 3314
162 206 211 244 10
892 211 1128 238 AmsMACEAE
1568 199 1842 239 Echinodorus

155 299 251 338 sex,
279 286 472 328 antlierae
494 283 586 326 basi
601 283 731 325 bifida
750 284 905 326 affixae.
927 283 1084 327 Ovaria
1098 293 1331 325 numerosa
1359 293 1494 335 supra
1523 283 1844 336 receptaculum

151 346 379 399 globosum
403 344 806 397 capitato-congesta
844 343 886 384 in
916 343 1078 395 stylum
1104 342 1283 383 brevem
1317 340 1589 382 terminalem
1624 344 1846 384 attenuata

157 404 408 446 uniovulata
440 402 568 444 ovulo
595 405 754 444 erecto.
783 400 980 453 Carpella
1018 400 1088 441 vix
1115 409 1360 452 compressa
1395 399 1685 442 multicostata
1711 401 1847 442 coria·

154 473 229 504 cea
280 472 593 513 monosperma.
637 459 792 502 Semen
839 463 1046 501 erectum.
1083 457 1274 510 Embryo
1314 457 1564 501 uncinatus.
1606 481 1665 490 —
1703 458 1848 502 Herba

155 521 351 574 aquatica
375 519 478 561 facie
501 517 742 559 Alismatis.

216 642 256 683 1.
282 641 325 683 E
371 637 833 682 ranunculoides
857 638 924 690 (L.
959 637 1031 692 Sp.
1061 638 1146 680 487
1175 638 1257 680 sub
1283 636 1514 691 Alismate)
1541 638 1654 682 soliis
1678 638 1848 681 lanceo-

156 700 253 742 latis
289 699 513 742 trinerviis
551 699 686 739 acutis
728 698 770 739 in
816 697 1019 751 petiolum
1059 696 1221 738 sensim
1263 697 1512 750 attenuatis,
1560 708 1688 750 scapo
1732 697 1847 740 soliis

152 758 395 812 aequilongo
421 757 486 797 vel
511 756 786 809 sublougiore
813 756 930 809 apice
961 754 1193 797 umbellam
1221 755 1289 797 vel
1316 755 1604 798 verticillatim
1631 755 1846 799 biumbel-

154 818 253 866 lato,
279 815 498 870 pedicelliS
537 815 760 867 elongatis,
801 814 954 867 petalis
991 814 1188 856 obovatis
1233 817 1486 857 transverse
1531 814 1847 857 sublatioribus

154 875 263 917 albis
289 874 592 923 roseo-tinctis,
614 873 812 926 cai-pellis
850 872 1637 928 ellipsoideo-subquadraugularibus
1663 873 1846 926 longitu-

155 933 357 976 dinaliter
385 932 648 975 3-4-sulcatis
675 932 835 973 sensim
878 931 1110 974 attenuatis
1137 935 1179 974 et
1200 933 1312 984 stylo
1343 936 1460 974 recto
1478 932 1681 975 rostratis
1709 937 1772 980 ⁶462.
1798 930 1847 974 E.

155 991 511 1034 ranmzculoides.
540 991 733 1043 Engelm.
763 1012 822 1018 —
843 989 977 1032 Rclil).
1007 990 1175 1042 Germ,
1202 991 1271 1043 fig.
1295 992 1366 1034 55.

203 1065 304 1100 Hal).
337 1065 376 1100 in
407 1064 609 1111 paludosis
635 1065 672 1098 et
691 1063 831 1108 hyeme
853 1065 1065 1107 inundatis,
1087 1065 1127 1099 in
1147 1067 1255 1110 parte
1283 1064 1516 1100 occidentali
1542 1064 1703 1100 ditionis
1731 1065 1848 1100 raris·

154 1113 262 1157 sime,
283 1113 576 1158 Peloponnesus
595 1111 644 1145 ad
670 1110 884 1156 Naupliam
903 1111 1029 1157 (Orph
1051 1113 1090 1156 l).

204 1178 263 1212 Ar.
286 1177 418 1221 Geogr.
444 1176 655 1218 Lusitania,
678 1173 884 1220 Hispania,
905 1174 1035 1210 Gallia
1068 1174 1248 1210 centralis
1281 1178 1317 1210 et
1350 1175 1612 1220 occidentalis,
1645 1175 1846 1220 Helvetia,

156 1224 367 1263 Britannia,
389 1223 598 1258 Germania
617 1221 866 1257 occidentalis
883 1226 920 1257 et
938 1221 1118 1265 borealis,
1137 1222 1296 1267 Gothia,
1325 1222 1450 1268 Italia,
1469 1222 1684 1268 Dalmatia,
1705 1222 1848 1258 Rossia

156 1271 295 1314 media,
317 1271 448 1305 Africa
467 1269 652 1314 borealis,
668 1268 815 1304 Insulae
838 1270 1110 1304 canai-ienses,

286 1428 605 1476 ΜΜΑΒθΝΙΕΜ
644 1428 767 1489 (Juss.
806 1428 906 1476 Gen.
940 1427 1011 1475 ⁴6.
1042 1455 1106 1463 —-
1140 1427 1499 1490 Actinocctrpus
1528 1428 1586 1475 R.
1613 1428 1714 1488 ΒΓ.)

216 1565 363 1607 Flores
408 1566 760 1619 lierrnaphroditi.
791 1566 944 1620 Sep-ala
992 1566 1073 1608 tria
1124 1566 1333 1609 herbacea
1374 1566 1668 1619 persistentia.
1698 1566 1845 1609 Petala

156 1626 239 1666 tria
276 1625 417 1677 calyce
453 1626 612 1678 majora
644 1625 836 1667 decidua.
872 1625 1062 1667 Stamina
1091 1637 1182 1675 sex,
1215 1626 1408 1667 antheras
1444 1625 1574 1667 dorso
1601 1626 1674 1668 vix
1711 1638 1844 1679 supra

156 1684 278 1725 basin
307 1684 459 1726 affixae.
481 1683 731 1726 Ovaria-sss
757 1685 1014 1726 verticillala
1045 1685 1316 1737 receptaculo
1350 1685 1476 1738 plano
1511 1685 1581 1725 vix
1604 1685 1845 1727 incrassato

157 1743 319 1784 inserta
359 1743 448 1784 basi
479 1747 658 1785 connata
700 1744 980 1785 unilocularia
1021 1743 1361 1796 ‘2-pluriovulata
1395 1744 1435 1784 iu
1478 1744 1642 1796 stylum
1680 1747 1845 1785 rectum

157 1801 331 1842 brevem
367 1805 586 1843 attenuata
632 1802 825 1854 Garuella
862 1803 1098 1844 lateraliter
1130 1814 1374 1855 compressa
1412 1802 1504 1844 basi
1545 1802 1627 1843 lata
1653 1806 1847 1855 recepta-

155 1861 251 1902 culo
279 1860 429 1902 adnata
465 1860 664 1902 stellalim
693 1861 962 1914 divergentia
994 1862 1182 1903 coriaeea
1214 1861 1443 1903 lanceolata
1468 1861 1509 1902 in
1538 1865 1728 1903 rostrum
1755 1873 1848 1904 rec·

156 1923 245 1960 tum
289 1920 448 1961 sensim
484 1924 715 1962 attenuata
765 1920 937 1962 Semina
974 1919 1036 1974 (in
1078 1921 1224 1962 nostru
1251 1919 1414 1975 specie)
1446 1920 1544 1961 bina
1589 1920 1656 1962 vel
1690 1919 1843 1962 abortu

156 1979 342 2021 unicum.
373 1977 558 2031 lCmbryo
585 1979 829 2021 uncinalus.
860 2002 914 2010 —
938 1980 1082 2022 Herba
1106 1979 1317 2033 aquatis-a.

219 2093 253 2132 1.
292 2092 352 2133 D.
380 2090 655 2145 Bourqaei
698 2092 877 2145 (Cossou
904 2091 986 2134 Not
1038 2092 1084 2134 Pl
1126 2091 1227 2135 Crit.
1267 2093 1369 2145 Esp.
1397 2105 1439 2146 p.
1468 2091 1543 2147 47)
1574 2091 1684 2133 foliis
1721 2092 1847 2144 longe

158 2150 372 2203 petiolalis
414 2150 606 2202 oblongis
647 2150 734 2192 basi
786 2152 997 2192 truncatis
1043 2152 1107 2193 vel
1153 2151 1341 2193 cordatis
1388 2151 1655 2202 3-5-ne1·viis,
1708 2150 1849 2203 scapis

156 2209 458 2250 crassiuscnlis
525 2210 620 2250 folia
673 2210 1083 2263 subsuperantilius,
1125 2211 1280 2252 florum
1328 2209 1552 2252 verticillis
1597 2210 1668 2251 5-7
1709 2220 1851 2251 remo-

157 2268 324 2310 lisculis
363 2268 582 2309 5-7·floris
628 2268 668 2308 in
714 2281 932 2310 racemum
986 2270 1135 2312 laxum
1191 2269 1412 2322 dispositis
1452 2268 1660 2312 inferiore
1710 2267 1849 2309 inter-

157 2326 258 2368 dum
298 2328 548 2378 composito,
575 2327 793 2380 pedicellis
837 2329 1008 2369 demum
1053 2329 1212 2371 crassis
1257 2328 1400 2371 fructu
1447 2327 1520 2369 vix
1558 2325 1845 2380 longioribus,

156 2385 310 2438 petalis
345 2386 454 2427 albis
506 2385 945 2429 rliomlioideo-ovatis
988 2387 1246 2430 brevissime
1289 2386 1594 2441 unguiculatis‚
1642 2385 1846 2439 carpellis

156 2444 681 2496 triangnlari-lanceolalis
723 2446 858 2487 acutis
903 2447 1026 2488 valde
1060 2448 1259 2489 nervosis
1298 2446 1448 2488 nervis
1484 2446 1575 2488 fere
1617 2445 1669 2488 ad
1716 2443 1846 2486 rostri

155 2503 319 2556 apicem
340 2503 574 2556 productis,
596 2504 835 2554 seminibus
854 2505 1309 2558 oblongo-cylindricis
1327 2504 1598 2547 muriculatis
1614 2502 1848 2554 OActino·

156 2573 316 2612 carpus
341 2562 656 2603 Damasonimn
682 2562 807 2604 Guss.
836 2564 937 2617 Syn.
964 2564 994 2605 Ι.
1022 2577 1059 2618 p.
1084 2565 1169 2607 440
1199 2577 1281 2607 non
1306 2563 1393 2606 Sm.

203 2634 303 2669 Hah.
325 2635 372 2669 ac]
395 2635 516 2670 fossas
540 2635 699 2670 demum
722 2638 946 2683 exsiccatas,
966 2637 1085 2684 Lycia
1105 2639 1155 2673 ad
1176 2638 1334 2673 Elmalu
1354 2638 1545 2684 (Bourg!)
1581 2636 1761 2683 Egyptus
1789 2635 1848 2671 in-

155 2682 270 2717 ferior
292 2682 339 2717 ad
367 2682 568 2717 Abuzabel
591 2683 777 2729 (Schimp.
797 2695 874 2719 exs.
894 2685 988 2729 330.

203 2745 331 2781 Asssne
349 2745 398 2781 D.
417 2746 569 2782 stellato
588 2747 688 2782 Pers,
712 2759 780 2793 pro
803 2750 914 2792 cujus
932 2749 1120 2785 varietate
1145 2760 1167 2785 a
1188 2749 1391 2785 nonnullis
1403 2749 1584 2792 habetur,
1602 2748 1678 2784 hoc
1697 2747 1848 2783 differre

156 2792 312 2828 videtur
334 2794 515 2839 carpellis
556 2795 766 2830 fructiferis
801 2796 997 2842 subduplo
1037 2797 1253 2843 majoribus
1283 2797 1458 2833 obsolete
1487 2796 1668 2832 nervosis
1693 2795 1849 2840 lougius

156 2841 194 2874 et
215 2840 460 2875 manifestius
483 2843 660 2876 rostratis
679 2846 804 2877 rostro
834 2853 910 2877 non
936 2844 1289 2887 sulcato-nervoso,
1310 2844 1529 2880 seminibus
1550 2843 1672 2889 duplo
1690 2842 1849 2887 majori-

157 2886 231 2922 bus
249 2888 497 2922 subcurvatis
516 2890 734 2924 transverse
756 2890 965 2934 rugulosis.

202 2951 266 2985 Ar.
287 2950 420 2996 Geoqr.
444 2950 647 2997 Hispania,
663 2952 857 2996 ausu-alis,
878 2952 1095 2997 Lusitania,
1116 2953 1262 2998 Sicilia,
1283 2953 1476 2998 Sardinia,
1497 2952 1626 2988 Africa
1657 2950 1846 2987 borealis.
