2062 3314
167 233 222 270 «452
942 241 1117 269 ARACEAE
1543 231 1677 269 Helico
1678 231 1731 280 ph
1732 232 1862 280 yllum
1869 261 1880 270 .

174 317 322 358 mento
364 313 623 357 intermedio
659 314 895 357 lanceolato
938 313 1189 356 lateralibus
1221 313 1427 367 utrinque
1456 313 1524 355 3-9
1549 313 1877 367 angustioribus

171 373 415 417 linearibus
440 373 578 414 acutis
599 372 786 416 intortis.
806 398 863 404 —
884 374 940 415 H.
972 372 1166 421 Olt've'eri,
1190 373 1242 415 H.
1263 371 1456 414 Anchari
1486 375 1530 414 et
1556 372 1613 414 H.
1641 373 1885 415 Rus-sellia-

173 444 282 474 num
305 431 452 474 Scliott
470 431 627 474 Prodr.
649 431 848 474 Aroideae
868 432 950 474 tab.
971 432 1037 474 30.
1066 455 1124 461 -—
1141 432 1283 473 Arum
1306 430 1521 473 intortum
1558 430 1693 474 Russ.
1723 432 1881 487 Alepp.

176 491 230 533 II.
259 491 345 533 264
378 514 435 520 —
457 490 509 531 Α.
536 489 889 543 ΙιθίενορΙιῃῐίαιη
918 490 1107 533 Ancher.

221 564 324 599 Hab.
354 564 393 598 in
421 564 527 608 agris
554 563 656 598 inter
673 563 827 609 Aleppo
848 565 886 599 et
904 563 1052 599 Aintab
1072 565 1110 599 et
1127 563 1177 599 ad
1196 563 1323 600 Tei-ek
1342 563 1645 610 Mesopotamiae
1665 564 1884 610 (Hausskl)

176 612 278 647 inter
296 610 448 656 Aleppo
469 612 507 645 et
527 609 680 645 Mossul
698 610 861 655 (Olivl).

226 674 285 710 Cl.
309 673 454 718 Engler
476 674 714 709 observante
737 673 822 708 haec
838 673 1010 708 varietas
1033 675 1094 708 est
1110 674 1268 709 tantum
1286 673 1411 709 forma
1441 674 1566 719 magis
1590 673 1753 710 evoluta
1770 674 1880 711 foliis

176 722 306 766 magis
337 720 515 755 dissectis
542 721 695 766 speciei.
716 720 885 755 Lamina
906 720 1154 766 2-3-pollices
1175 721 1296 766 longa
1315 723 1539 756 transverse
1559 720 1765 767 sublatior‚
1784 732 1878 769 spa-

178 768 249 804 tha
274 767 523 814 4-5-pollices
541 766 672 813 longa.
696 767 879 813 Spadicis
895 767 1095 814 appendix
1113 767 1200 803 8-15
1219 768 1289 803 lin.
1308 768 1439 814 longa.

239 868 278 910 3.
312 866 378 909 Η.
398 866 703 922 crassipes
734 866 894 921 <Boiss.
922 867 1167 920 Diagn.Or.
1201 868 1316 919 1.13‚
1341 881 1382 922 p.
1411 870 1436 910 9
1467 869 1550 911 sub
1579 868 1882 925 Draczmculo)

180 927 338 969 tubere
377 925 573 980 globoso,
598 926 709 968 foliis
753 927 913 979 petiole
935 926 997 968 eis
1022 927 1216 979 longiore
1261 938 1373 981 saepe
1417 928 1882 981 purpureo-maculato

175 986 368 1029 suffultis
404 985 569 1028 ambitu
623 985 762 1028 oratis
799 989 1055 1027 transverse
1092 986 1318 1029 latioribus
1356 987 1676 1040 pedatipartitis
1714 988 1882 1031 laciniis

177 1046 382 1099 utrinque
409 1045 481 1086 7-9
509 1044 846 1086 decurrentibus
871 1045 1296 1088 lineari-lanceolatis
1330 1046 1539 1098 elongatis
1564 1047 1757 1098 int-ortis,
1782 1059 1880 1100 seg—

175 1108 321 1146 mento
348 1103 608 1146 intermedio
633 1104 699 1145 vel
723 1101 1170 1156 oblongo-lanceolam
1195 1104 1327 1156 duplo
1360 1105 1511 1147 latiore
1537 1105 1603 1147 vel
1630 1105 1884 1148 lanc-colato-

175 1163 328 1206 lineari
354 1162 606 1205 lateralibus
626 1162 771 1208 simili‚
795 1162 1043 1217 pedunculo
1062 1163 1185 1206 brevi
1206 1164 1368 1216 apicem
1396 1175 1553 1206 versus
1574 1164 1698 1206 valde
1717 1165 1883 1208 incras-

163 1225 284 1273 sato,
332 1221 497 1276 spathae
544 1222 648 1263 tubo
691 1233 839 1264 crasso
886 1220 1069 1275 oblongo
1114 1222 1166 1264 ad
1210 1221 1334 1264 basin
1377 1234 1516 1276 usque
1560 1227 1711 1277 aperto
1752 1227 1881 1267 extus

173 1281 433 1323 albovirenti
461 1281 527 1322 vei
553 1281 1016 1333 purpureo-maculato
1042 1282 1200 1323 lamina
1226 1281 1560 1336 ovato-oblonga
1584 1282 1739 1324 obtusa
1767 1286 1881 1325 atro·

173 1341 400 1395 purpurea
439 1343 482 1381 et
517 1339 780 1382 densissime
822 1339 1107 1383 veri-uculosa
1147 1338 1290 1394 Ula-2
1315 1341 1386 1395 plo
1425 1341 1646 1393 breviore,
1690 1341 1880 1394 spadicis

158 1399 412 1453 appendice
436 1399 590 1451 spatha
610 1398 789 1441 dimidia
806 1399 875 1441 vel
891 1398 1020 1441 tertia
1046 1402 1167 1453 parte
1184 1399 1386 1442 breviore
1406 1399 1663 1443 brevissime
1682 1401 1876 1454 stipitata

171 1458 596 1511 cylindrico-clavata
639 1460 964 1512 atropnrpurea
1006 1459 1219 1501 exsiccata
1244 1458 1717 1512 tuberculato-rugosa,
1755 1460 1881 1503 insso-

168 1517 385 1559 rescentia
411 1517 605 1560 saeminea
629 1530 758 1571 qnam
784 1518 975 1560 mascula
1001 1518 1281 1570 sublongiore
1301 1517 1352 1560 ab
1371 1520 1420 1559 ea
1445 1518 1681 1561 interstitio
1707 1519 1880 1573 3·4-plo

172 1576 365 1629 longiore
401 1576 663 1629 genitalibus
706 1577 984 1619 silisormibus
1024 1577 1162 1629 longis
1196 1581 1283 1619 toto
1323 1577 1462 1619 obsito
1509 1578 1705 1631 sejuncta
1743 1584 1801 1624 26.
1828 1578 1878 1619 H.

170 1635 391 1688 crassipes
420 1635 565 1677 Scliotl
592 1634 694 1689 Syn.
719 1636 748 1676 l.
772 1637 840 1677 22.
861 1659 915 1667 —
940 1636 992 1677 Η.
1008 1636 1282 1688 spicaclacicm,
1306 1637 1357 1678 H.
1377 1636 1703 1682 Dracunculzts,
1727 1637 1778 1678 H.
1804 1648 1879 1678 an-

168 1697 397 1745 mostatmn
420 1698 462 1736 et
477 1695 497 1736 ἵ)
519 1694 571 1736 Η.
596 1694 794 1746 Loftztsie·
819 1695 968 1738 Scliott
997 1696 1220 1738 P1·odr.—-
1236 1695 1548 1738 Draounculas
1571 1696 1718 1738 minor
1732 1695 1876 1739 Blum.

171 1753 361 1808 Rumpli.
386 1753 418 1795 Ι.
445 1755 540 1795 125.
565 1779 620 1785 —
639 1754 788 1797 Scliott
814 1755 965 1797 Aroid.
991 1755 1076 1798 tab.
1103 1756 1157 1797 28
1181 1759 1223 1798 et
1249 1756 1320 1798 29.

218 1826 323 1863 Hab.
354 1828 393 1863 in
428 1828 541 1863 cultis
579 1829 679 1864 inter
712 1828 867 1875 Aleppo
899 1832 937 1864 et
969 1829 1123 1865 Mossul
1153 1829 1300 1874 (Olivl)
1328 1831 1429 1864 inter
1464 1829 1620 1875 Aleppo
1651 1830 1689 1864 et
1722 1829 1875 1865 Aintab

170 1873 400 1920 (Hausskl),
416 1875 465 1910 ad
479 1876 661 1921 Tripolin
681 1876 784 1919 (Bu)
804 1877 843 1910 in
856 1876 1011 1911 Libano
1025 1887 1145 1921 supia
1161 1876 1380 1922 Berythum
1397 1877 1530 1921 (Boiss
1543 1878 1583 1921 l),
1602 1875 1651 1910 ad
1667 1876 1873 1923 Rascheya

169 1921 394 1957 Antilibani
417 1923 595 1968 (Boiss!)‚
627 1924 668 1958 in
693 1923 890 1958 Palestina
918 1923 1083 1959 australi
1118 1925 1218 1959 inter
1251 1923 1390 1967 Nuckl‚
1426 1923 1472 1958 Et
1508 1922 1661 1968 Arysch
1695 1926 1733 1958 et
1767 1924 1874 1959 Gaza

169 1969 348 2015 (Boissl)‚
367 1970 493 2005 Ouadi
512 1970 546 2006 el
567 1971 689 2006 Gradi
707 1974 744 2005 et
760 1971 888 2006 Ouadi
901 1971 1070 2006 Sheriah
1085 1971 1299 2017 (Barbey),
1316 1971 1367 2006 ad
1379 1971 1623 2006 Damascum
1640 1971 1739 2016 (Ky.
1752 1971 1874 2017 7501),

163 2016 218 2052 ad
237 2017 430 2052 orientem
448 2017 611 2053 Jordani
640 2018 794 2063 (Payne
807 2020 847 2062 l).

217 2080 275 2117 Cl.
294 2081 440 2127 Engler
469 2082 615 2117 formas
635 2082 817 2117 distinxit
842 2084 911 2118 sed
930 2083 1053 2119 altera
1072 2084 1111 2118 in
1132 2083 1293 2118 alteram
1314 2083 1433 2118 nimis
1460 2085 1722 2118 transeuntes.
1745 2084 1874 2120 Affine

169 2127 219 2164 H.
239 2128 456 2175 Rauwolfii
470 2140 551 2164 var.
569 2129 728 2166 Olz'vz'eri
745 2141 768 2165 a
782 2141 860 2176 quo
880 2131 1139 2176 distinguitur
1157 2131 1380 2177 pedunculo
1394 2141 1561 2177 superne
1581 2130 1698 2166 valde
1720 2130 1872 2167 incras-

168 2178 266 2222 sato,
285 2176 430 2223 spatha
448 2177 554 2212 intus
572 2178 705 2213 crebre
724 2177 978 2214 vcrruculoszi
1001 2188 1073 2214 nec
1094 2179 1196 2214 laevi.

561 2314 926 2366 DRACUNCULUS
962 2315 1124 2377 (sehon
1155 2314 1292 2364 Melet.
1327 2316 1359 2374 Ι,
1392 2314 1485 2378 17).

229 2443 390 2499 Spatha
431 2445 522 2488 basi
557 2446 786 2489 convoluta
814 2446 857 2489 in
884 2446 1039 2490 tubum
1077 2449 1252 2489 ovatum
1293 2447 1465 2499 fissum,
1493 2446 1650 2489 lamina
1685 2445 1872 2488 maxima

164 2497 644 2548 tandem‘retrocurva.
682 2505 845 2559 Spadix
872 2518 1064 2560 superne
1095 2506 1138 2547 in
1164 2506 1447 2559 appendicem
1475 2507 1597 2559 longe
1632 2505 1869 2560 stipilatam

167 2563 378 2606 clavatam
404 2565 572 2617 longam
602 2576 793 2607 crassam
818 2565 970 2608 abiens
997 2565 1167 2607 inferne
1190 2565 1321 2608 ssores
1348 2566 1556 2607 femineos
1588 2568 1631 2607 et
1658 2564 1872 2623 masculos

166 2624 211 2664 in
236 2623 379 2677 spicas
405 2624 652 2678 polycyclas
679 2628 797 2666 arcto
818 2625 1042 2678 contiguas
1062 2625 1210 2667 edens.
1231 2624 1360 2666 Maso.
1389 2625 1596 2668 Antlierae
1615 2624 1690 2666 3-4
1708 2623 1872 2665 coalitae

165 2682 427 2725 biloculares
477 2683 730 2726 connectivo
785 2684 902 2725 tenui
951 2683 1071 2737 apice
1118 2683 1536 2738 subprotuberante,
1579 2683 1714 2725 tliecae
1748 2682 1868 2735 poris

165 2741 348 2783 minutis
384 2742 584 2784 rotundis
620 2742 740 2795 apice
769 2742 1055 2786 dehiscentes.
1086 2741 1198 2784 Fam.
1229 2743 1436 2786 Ovarium
1467 2743 1700 2795 oblongum
1730 2740 1871 2783 unilo-

166 2799 314 2842 culare
340 2801 749 2844 subsexovulatum.
794 2801 932 2844 Ovula
958 2802 1211 2855 ortliotropa
1249 2802 1439 2845 funiculo
1462 2801 1584 2844 brevi
1627 2799 1869 2845 affixa.alia

166 2859 261 2901 basi
285 2859 369 2901 fixa
397 2865 555 2912 erecta,
579 2861 661 2902 alia
684 2873 738 2903 ex
766 2861 885 2914 apice
914 2861 1042 2904 loculi
1069 2861 1272 2914 pendula.
1299 2860 1454 2904 Semen
1481 2872 1705 2913 rugosum.
1737 2857 1868 2900 Geni-

164 2918 267 2960 talia
303 2920 468 2961 sterilia
511 2931 646 2973 supra
685 2921 845 2973 spicam
887 2921 1123 2963 masculam
1168 2932 1304 2973 pauca
1342 2920 1603 2963 brevissima
1639 2917 1865 2961 interdum

166 2977 306 3020 nulla.
332 3001 384 3010 -
413 2978 571 3022 Herbae
595 2979 813 3022 tuberosae
833 2979 946 3022 foliis
970 2979 1299 3034 proterantbiiS.
