2062 3314
209 209 284 248 364
935 213 1186 243 cyrensem:
1717 201 1913 251 Cyperus.

819 349 943 394 Sncr.
979 349 1012 393 I.
1050 346 1319 392 PYCREUS.

517 459 530 472 ²
554 458 711 495 Nucula
727 458 903 504 margine
921 466 994 492 suo
1015 455 1180 503 spiculae
1195 453 1399 491 rachidem
1417 456 1610 501 spectans.

958 539 1000 575 -l-
1027 535 1173 571 Annui.

281 632 317 672 1.
342 631 395 675 G.
428 629 762 674 flavescens
785 629 856 684 (L.
886 628 958 682 Sp.
983 627 1061 681 68)
1084 638 1257 669 annuus
1285 626 1445 681 saepius
1481 627 1725 681 cespitosus
1748 626 1924 681 viridis,

212 689 357 732 radice
388 689 560 741 fibrosa,
587 689 739 730 culmis
766 688 998 742 gracilibus
1027 686 1182 729 erectis
1200 685 1357 728 obtuse
1388 685 1570 739 trigonis
1602 686 1694 728 basi
1735 686 1916 737 foliosis,

218 748 330 791 foliis
368 751 550 801 anguste
586 746 823 789 linearibus
855 746 1112 788 acuminatis
1144 745 1288 787 culmo
1324 743 1700 795 subbreviorihus,
1736 745 1921 798 spiculis

219 807 465 849 lanceolatis
488 806 901 859 compresso-planis
933 804 976 845 in
1012 803 1244 847 umbellam
1269 803 1548 857 compositam
1572 804 1846 858 inaequaliter
1871 804 1927 846 3-

221 866 481 908 5-radiatam
506 865 575 906 vel
608 865 652 906 in
689 864 926 918 capitulum
950 862 1138 915 simplex
1173 861 1400 915 globosum
1424 862 1649 915 dispositis
1682 862 1920 906 sessilibus

221 924 484 978 patentibus,
504 923 717 966 involucri
750 923 909 976 phyllis
935 921 1322 974 2-3-inaequalibus
1346 920 1526 974 spiculis
1551 921 1686 964 multo
1713 921 1918 974 longiori-

221 982 320 1033 bus,
356 982 514 1035 glumis
552 985 669 1024 arcte
701 980 937 1024 imbricatis
969 979 1109 1022 ovatis
1132 980 1302 1022 obtusis
1328 983 1490 1035 praeter
1511 980 1700 1023 carinam
1731 980 1919 1024 viridem

219 1040 558 1084 subtrinerviam
597 1040 779 1082 laevibus
817 1039 974 1093 pallide
1012 1038 1153 1085 ssavis,
1176 1038 1435 1081 staminibus
1465 1039 1617 1090 ternis,
1639 1039 1920 1093 stigmatibus

221 1098 351 1152 binis,
372 1100 545 1142 nuculis
575 1098 1107 1152 globoso-lenticularibus
1134 1097 1400 1140 laeviusculis
1428 1099 1496 1140 vel
1520 1097 1713 1140 obsolete
1740 1098 1919 1150 rugulu-

219 1158 279 1199 sis
304 1158 453 1210 gluma
485 1158 661 1201 dimidio
686 1156 962 1200 brevioribus
991 1160 1057 1207 O.
1098 1155 1152 1199 Ic.
1187 1155 1320 1198 Rcbb.
1352 1155 1496 1198 Germ.
1526 1156 1594 1210 fig.
1628 1157 1731 1199 662.
1765 1180 1823 1188 —
1853 1155 1921 1199 Fl.

220 1214 296 1259 Gr.
322 1217 408 1259 tab.
435 1217 504 1259 47.

269 1289 369 1325 Hah.
391 1291 432 1326 in
454 1289 667 1336 paludosis,
687 1289 737 1325 ad
757 1289 875 1334 ripas,
896 1287 1127 1323 Macedonia
1144 1290 1183 1323 et
1201 1287 1374 1324 Thracia
1392 1287 1554 1334 (Sibth.,
1569 1288 1665 1324 Friv
1678 1291 1718 1335 l),
1735 1287 1924 1324 Anatolia

219 1337 362 1378 occid.(
370 1337 440 1372 Bal
453 1338 490 1382 l),
507 1337 690 1372 australis
711 1336 752 1370 in
779 1335 916 1372 Cilicia
935 1335 1025 1379 (Bal
1040 1336 1083 1379 )l,
1120 1334 1279 1379 Tauria,
1309 1335 1510 1371 Caucasus
1531 1339 1570 1371 et
1593 1335 1908 1372 Transcaucasia

230 1384 426 1431 (Ledeb.),
452 1384 567 1430 Syria
584 1383 770 1419 littoralis
788 1382 875 1427 (Bll
897 1381 1005 1418 Gaill
1019 1384 1059 1429 l),
1079 1381 1292 1427 Affghania
1310 1382 1432 1427 (Griff
1443 1384 1452 1418 l
1472 1382 1635 1427 Aitchl).

267 1451 327 1486 Ar.
348 1449 483 1493 Geogr.
504 1448 664 1494 Europa
682 1447 814 1482 media
832 1449 870 1482 et
884 1446 1069 1482 australis
1087 1457 1110 1482 a
1123 1445 1256 1482 Gallia.
1272 1448 1310 1482 et
1321 1446 1451 1482 Dania
1469 1447 1520 1482 ad
1536 1446 1718 1483 Rossiam
1733 1446 1922 1491 mediam,

223 1497 380 1542 Sibiria‚
397 1495 530 1531 Africa
549 1494 736 1541 borealis,
754 1493 882 1539 India,
900 1493 1015 1529 Nova
1037 1493 1261 1540 Hollandia,
1278 1493 1471 1530 America.

278 1610 317 1650 2.
341 1608 396 1653 C.
423 1606 711 1662 globosus
729 1605 836 1661 (All.
863 1605 988 1648 Auct.
1013 1606 1091 1660 49)
1118 1605 1361 1660 cespitosus
1383 1605 1527 1649 radice
1553 1605 1730 1660 fibrosa,
1756 1604 1918 1649 culmis

220 1666 453 1722 gracilibus
487 1665 643 1708 erectis
685 1664 912 1719 triquetris
952 1664 1057 1707 basi·
1084 1663 1258 1714 foliatiS,
1300 1664 1413 1707 soliis
1452 1668 1638 1718 anguste
1679 1664 1919 1708 linearibus

222 1727 365 1770 culmo
403 1724 694 1775 brevioribus,
735 1723 915 1777 spiculis
957 1723 1205 1766 lanceolatis
1234 1724 1651 1777 compresso-planis
1690 1722 1927 1767 sessilibus

226 1787 270 1828 in
293 1784 526 1827 umbellam
549 1783 742 1826 breviter
773 1785 817 1824 et
846 1782 1185 1837 pauciradiatam
1218 1782 1287 1825 vel
1320 1783 1480 1836 saepius
1500 1783 1546 1824 in
1572 1782 1808 1838 capitulum
1832 1782 1924 1835 glo-

221 1845 377 1886 bosum
405 1841 640 1896 dispositis,
658 1840 873 1884 involucri
897 1840 1056 1895 phyllis
1075 1842 1149 1883 23
1169 1841 1404 1895 capit-ulum
1434 1841 1572 1884 multo
1592 1841 1925 1896 superantibus,

222 1903 381 1956 glumis
404 1905 521 1944 arcte
545 1900 780 1943 imbricatis
803 1899 1002 1953 oblongis
1025 1900 1341 1943 obtusiusculis
1362 1901 1510 1943 carina
1531 1900 1745 1943 viridibus
1762 1899 1924 1942 trinet-

225 1961 308 2003 viis
337 1960 589 2004 lateralibus
614 1958 826 2001 brunneis
844 1958 1038 2011 margine
1061 1959 1156 2001 albo
1181 1960 1367 2012 hyalino,
1389 1959 1651 2002 staminibus
1673 1959 1800 2012 binis,
1819 1959 1924 2012 stig-

224 2020 413 2063 matibus
453 2018 580 2070 binis,
621 2018 790 2060 nuculis
821 2016 1224 2071 obovato-oblongis
1249 2018 1510 2072 compressis
1536 2018 1727 2062 tenuiter
1753 2017 1924 2071 puncti-

223 2079 378 2122 culatis
412 2077 639 2132 apiculatis
671 2077 818 2130 glnma
845 2076 964 2130 3-plo
988 2076 1264 2120 brevioribus
1305 2083 1363 2124 26.
1385 2076 1519 2120 Rchb.
1542 2075 1691 2120 Germ.
1718 2076 1790 2130 fig.
1820 2077 1920 2119 665.

223 2163 280 2169 —
306 2137 346 2180 C.
376 2135 575 2189 vulgaris
599 2134 685 2178 ΚΦ.
712 2135 866 2178 Enum.
900 2147 994 2189 pag.
1024 2136 1063 2177 4.
1095 2160 1149 2167 -
1175 2136 1215 2178 C.
1234 2134 1531 2187 fascicularis
1558 2135 1672 2180 D.C.
1695 2148 1781 2179 non
1801 2134 1920 2178 Desf.

222 2221 281 2227 —
313 2195 354 2239 C.
378 2194 602 2238 Colchicus
629 2193 676 2237 C.
698 2194 815 2236 Koch
843 2192 967 2236 Linn.
994 2193 1114 2245 XXI,
1142 2208 1185 2250 p.
1212 2195 1316 2237 6⁶23!

270 2269 374 2306 Hah.
394 2270 435 2305 in
465 2269 652 2314 humidis,
673 2269 853 2314 oryzetis,
877 2268 1027 2305 Pontus
1066 2269 1233 2305 Lazicus
1261 2269 1311 2304 ad
1342 2269 1466 2305 Rhize
1505 2269 1643 2315 (Ball),
1673 2267 1831 2305 Colchis
1872 2267 1924 2304 ad

224 2317 316 2354 Poti
346 2317 544 2361 (Rehml),
575 2326 685 2362 prov.
716 2315 892 2361 Talysch
918 2315 970 2351 ad
1000 2316 1214 2352 Lenkoran
1246 2315 1409 2363 (Hohl),
1444 2326 1555 2363 prov.
1588 2315 1737 2352 Ghilan
1778 2315 1926 2351 Persiae

225 2364 367 2407 [Auch.
385 2363 528 2407 54842),
545 2363 724 2399 Susianae
744 2365 903 2408 oryzeta
932 2362 1109 2407 (Haussk
1128 2365 1170 2408 l),
1187 2363 1303 2410 Syria
1321 2363 1490 2399 borealis
1520 2363 1571 2399 ad
1593 2362 1743 2399 radices
1777 2361 1925 2399 Amani

227 2410 320 2457 (Ky.
341 2410 457 2456 1261),
479 2410 529 2446 ad
540 2410 692 2457 Tripoli
708 2409 823 2456 (ΒΗ),
843 2408 1020 2445 Libanus
1034 2410 1085 2446 ad
1101 2410 1219 2446 Aleih
1237 2410 1466 2455 (Schweinf
1470 2411 1508 2456 l),
1523 2410 1734 2457 Affgbania
1751 2409 1874 2455 (Griff
1882 2410 1922 2455 l).

274 2474 429 2511 Formis
448 2474 680 2510 elatioribus
698 2473 736 2510 C.
749 2474 979 2518 flavescenti
1005 2474 1133 2510 affinis
1151 2474 1265 2510 facile
1291 2476 1423 2510 tamen
1442 2474 1747 2520 distinguendus
1761 2473 1925 2521 spiculis

226 2522 472 2568 longioribus
490 2522 618 2567 magis
639 2521 876 2564 multifloriS,
894 2521 1038 2566 glumis
1059 2522 1239 2569 angustis
1252 2521 1469 2558 lateraliter
1484 2522 1673 2558 brunneis
1686 2525 1724 2558 et
1743 2521 1924 2567 margine

227 2568 414 2615 hyalinis,
425 2570 621 2604 seminum
642 2569 779 2605 forma.

274 2635 336 2670 Ar.
354 2635 487 2679 Geoqr.
510 2633 706 2681 Hispania
725 2634 911 2671 australis
941 2634 1074 2671 Gallia
1097 2635 1293 2681 australis,
1310 2634 1426 2671 Italia
1444 2633 1629 2681 borealis,
1655 2632 1769 2670 India
1793 2633 1924 2670 orien-

230 2681 333 2727 talis,
350 2681 482 2717 Africa
501 2682 664 2728 tropica,
679 2682 862 2729 Japonia‚
885 2664 1000 2719 Nova
1020 2681 1249 2718 Hollandia.

903 2801 944 2843 -ξ-
972 2801 1013 2842 -l-
1042 2799 1250 2835 perennes.

290 2891 331 2933 3.
357 2890 412 2935 C.
438 2890 787 2942 Rehmannt‚
827 2891 1049 2945 perennis,
1076 2890 1313 2934 rhizomate
1339 2891 1459 2934 tenui
1496 2894 1676 2946 repente
1702 2901 1757 2933 ex
1797 2889 1926 2933 nodis

225 2949 457 3003 fibrilloso,
478 2950 633 2993 culmis
656 2950 863 2994 tenuibus
889 2950 1048 2993 erectis
1071 2950 1299 3005 triquetris
1319 2950 1374 2993 ad
1401 2950 1575 2993 tertiam
1598 2952 1763 3005 partem
1781 2959 1939 3004 usque
