2089 3246
101 219 350 260 Heleuchloa.
841 229 1066 257 GRAMmssAE
1733 229 1802 264 477

158 304 200 351 4,
232 301 301 345 H.
337 299 833 346 crucianelloldes
872 301 1034 358 (Boiss.
1065 306 1107 345 et
1140 303 1227 346 Bal.
1260 304 1304 347 in
1332 305 1421 347 Bal.
1452 317 1542 349 exs,
1576 309 1686 351 1865
1717 312 1798 353 sub

100 360 330 416 Crupside)
351 372 495 403 annua
517 360 799 414 glaucescens
813 361 1048 415 hispidum,
1064 362 1219 405 culmis
1242 363 1453 407 brevibus
1479 367 1798 418 procumbenti-

99 421 183 464 bus
219 419 840 474 geniculato-ascendentibus,
884 421 1048 473 vaginis
1089 434 1175 464 non
1222 423 1428 471 dilatatis,
1465 425 1597 477 spicis
1635 429 1797 480 vaginae

97 490 317 533 supremae
342 477 657 532 approximatis
680 478 878 532 oblongis
902 481 969 522 vel
998 480 1192 523 breviter
1230 481 1495 534 cylindricis,
1523 485 1680 536 glumis
1710 487 1799 539 glu-

98 538 316 593 mellaque
331 538 394 579 eis
415 536 693 590 sublongiorc
717 538 911 591 margine
934 539 1059 592 longe
1083 539 1238 582 ciliatis
1257 541 1383 594 juxta
1402 542 1589 585 carinam
1618 546 1798 587 sulcatis

97 610 120 640 a
149 597 242 640 basi
276 596 429 640 latiore
456 596 620 639 sensim
645 597 903 640 acuminatis
931 597 1083 652 rigidis
1111 603 1175 649 Ε).

144 675 246 711 Hab.
266 674 438 711 incultis
458 674 654 711 derelictis
675 675 812 722 Lydiae
840 675 891 711 ad
921 675 1050 722 Budsa
1078 687 1200 723 prope
1232 676 1444 723 Smyrnam
1471 680 1552 716 550·
1587 680 1678 725 (Bal
1692 683 1729 726 1),
1760 683 1798 717 in

96 723 335 768 graminosis
356 722 513 769 Sindjar
539 722 839 769 Mesopotamiae
858 723 1010 763 (Hauss
1050 726 1088 768 l).

146 786 280 823 Culmi
309 785 612 833 1-3-pollicares‚
643 787 761 834 spicae
790 786 854 822 6·8
881 786 1008 822 lineas
1036 787 1176 834 longae.
1205 787 1267 823 Ab
1299 787 1351 823 H.
1386 790 1622 837 acutiylumz·
1653 791 1799 837 glumis

96 834 341 871 abbreviatis
363 833 503 880 rigidis
524 833 694 869 sulcutis
715 834 894 880 margine
914 834 1057 870 ciliatis
1080 835 1275 871 distincta.

158 937 200 978 5.
228 934 293 978 Η.
329 933 616 991 ambigua
640 935 803 990 (Boiss.
827 938 870 978 ct
897 934 986 977 Bal.
1015 935 1059 978 in
1087 935 1176 978 Bal.
1205 948 1297 980 exs.
1324 936 1437 979 1865
1460 937 1540 980 sub
1567 938 1796 993 Crypsicle)

94 1007 241 1037 annua
266 997 545 1048 glaucescens
570 995 807 1048 hispidula,
831 995 986 1036 culmis
1022 995 1232 1038 brevibus
1267 997 1653 1049 procumbentibus
1683 1000 1798 1052 geni-

94 1053 266 1103 culatis,
291 1053 458 1107 vaginis
486 1066 570 1097 non
598 1054 801 1108 dilatatis,
826 1053 959 1108 spicis
981 1065 1004 1096 e
1028 1054 1195 1106 vaginis
1224 1056 1487 1108 compressis
1514 1056 1582 1097 vix
1613 1059 1798 1100 exsertis

94 1113 315 1166 oblongis,
339 1112 499 1166 glumis
521 1113 819 1167 glumellaque
847 1113 910 1156 eis
935 1113 1225 1157 subbreviore
1252 1114 1447 1167 margine
1479 1115 1634 1158 ciliatis
1659 1130 1682 1158 a
1708 1116 1797 1158 basi

96 1172 251 1215 latiore
291 1172 417 1225 longe
459 1172 930 1216 caudato-acuminatis
974 1172 1126 1226 rigidis
1174 1174 1502 1227 erecto-patulis
1560 1174 1798 1229 subsquar-

99 1231 214 1274 rosis
242 1234 308 1282 Θ.

94 1304 361 1389 ΕΙΗὲὶωω
383 1304 431 1341 H.
451 1304 759 1342 cracianelloz'de
787 1306 828 1341 in
853 1303 982 1342 alveis
1019 1305 1215 1342 derelictis
1249 1306 1298 1342 ad
1330 1306 1458 1354 Budja
1494 1307 1632 1352 Lydiae
1662 1308 1796 1353 (Bali)

149 1380 155 1387 .
227 1363 244 1387 s
271 1379 278 1388 .

143 1415 362 1471 Culmi2-13
382 1417 546 1471 pollices
563 1417 685 1463 longi,
705 1417 824 1472 spicae
851 1417 917 1472 658
934 1417 1059 1453 lineas
1084 1418 1225 1472 longae.
1255 1419 1394 1472 Affi'nis
1420 1418 1468 1454 II.
1496 1419 1795 1472 οναςίαηεῑῖοίιξί

94 1464 700 1558 3233&3¹3553335313330‘335l55
711 1465 1457 1559 ἒῖἓὲἒὲῗὲὲῗὲηἳῗῄἷὲῑ]ἓέἕὲίἳὲὲὲῗὲῗω
1473 1465 1631 1513 ¹⁰¹¹g¹⁸²
1651 1466 1795 1512 ΨΜ

155 1622 197 1662 6.
225 1620 288 1663 Η.
308 1620 564 1676 alpicola
593 1620 790 1677 (Hochst.
809 1619 962 1664 Sched.
989 1621 1032 1663 in
1060 1621 1463 1674 Ky.exs.1841.—-
1487 1621 1621 1664 Steud
1649 1623 1798 1666 Grani.

92 1693 133 1736 p.
164 1680 244 1722 1502
272 1680 355 1723 sub
379 1678 609 1735 Crypside)
634 1694 776 1723 annua
807 1680 1018 1734 villosula‚
1043 1681 1198 1722 culmis
1222 1681 1429 1724 tenuibus
1448 1681 1655 1724 brevibus
1688 1695 1787 1735 pro-

97 1738 412 1783 cumbeutibus'
428 1740 698 1793 geniculatis,
728 1740 896 1793 vaginis
915 1751 999 1782 non
1026 1740 1228 1789 dilatatis,
1251 1740 1381 1793 spicis
1409 1753 1432 1783 e
1454 1741 1620 1793 vaginis
1645 1753 1796 1794 supre-

95 1800 176 1842 mis
212 1798 481 1852 longiuscule
513 1799 702 1841 exsertis
733 1798 1075 1852 ovato-oblongis
1109 1799 1372 1853 paucil'loris‚
1402 1799 1560 1853 glumis
1594 1799 1795 1852 oblongo-

95 1858 345 1901 lanceolatis
389 1858 527 1899 acutis
569 1858 714 1901 carina
749 1857 920 1912 asperis
962 1862 1167 1901 caeterum
1199 1859 1376 1911 glabris,
1406 1858 1608 1912 glumclla
1638 1859 1793 1911 glumis

89 1917 372 1971 sublongiore
394 1917 514 1970 apice
537 1919 738 1960 truncata
761 1917 908 1959 carina
932 1921 1196 1960 excurrente
1221 1918 1400 1960 aristata
1432 1921 1499 1966 Θ.

141 1992 244 2029 Hab.
266 1992 317 2028 ad
339 1993 424 2028 vias
444 1993 566 2028 siccas
588 1993 629 2028 in
655 1992 802 2039 alpinis
836 1992 981 2029 montis
1013 1992 1119 2029 Gara
1149 1992 1417 2028 Kurdistanice
1459 1992 1551 2038 (ΚΥ.
1587 1993 1642 2028 Pl.
1678 1992 1791 2038 Alop-

93 2040 221 2078 Kurd.
241 2039 361 2085 3611).
384 2039 441 2075 Fl.
464 2039 544 2076 Jul.
565 2041 665 2086 Aug.

143 2104 597 2151 Culmi1-2-pollicares‚
625 2105 743 2152 spicae
770 2104 838 2141 4-6
870 2105 996 2141 lineas
1029 2105 1171 2151 longae,
1201 2107 1234 2141 A
1267 2105 1578 2152 praecedentibus
1624 2105 1795 2140 *luinellit

96 2162 175 2189 non
199 2153 646 2188 attenuato-acuminata
674 2152 744 2188 sed
772 2152 822 2188 ad
859 2153 993 2188 aristae
1020 2153 1207 2189 carinalis
1241 2152 1353 2188 basin
1394 2153 1578 2198 utrinque
1610 2119 1794 2197 liyalino-

94 2200 322 2236 auriculata
348 2199 544 2236 distincta.

156 2301 198 2341 7.
236 2299 288 2342 H
336 2297 488 2343 dura
519 2299 677 2348 (Boiss.
711 2299 872 2353 Diagn.
917 2299 1009 2343 Ser.
1057 2300 1108 2349 ΙΙ,
1143 2301 1183 2350 4,
1229 2313 1273 2354 p.
1334 2301 1411 2342 125
1453 2298 1534 2341 snb
1568 2299 1792 2352 Crypside]

91 2359 301 2414 perennis
318 2359 533 2413 cespitosa
560 2363 645 2402 tota
671 2358 753 2402 sub
778 2359 893 2401 lente
921 2359 1116 2402 breviter
1141 2367 1184 2401 et
1204 2359 1394 2412 crispulc
1419 2358 1623 2410 velutina,
1651 2359 1793 2401 radice

91 2420 272 2471 fibrosa,
305 2418 459 2461 culmis
486 2418 642 2461 erectis
667 2417 819 2471 rigidis
847 2418 1016 2460 inferne
1041 2419 1207 2472 vaginis
1223 2418 1427 2462 coriaceis
1454 2417 1587 2460 deuse
1613 2418 1793 2460 obtectis

102 2489 295 2532 superne
317 2480 476 2531 praeter
498 2475 572 2518 1-2
601 2476 699 2519 folia
726 2477 876 2519 brevia
912 2478 1056 2530 nudis,
1084 2477 1196 2519 soliis
1223 2478 1383 2519 crassis
1416 2476 1620 2519 coriaceis
1646 2477 1793 2529 rigidis

92 2537 257 2592 glaucis
283 2536 491 2579 involutis
518 2536 936 2590 erecto-patentibus
959 2537 1152 2580 curvatis
1184 2535 1491 2590 pungentibus,
1515 2536 1792 2590 superiorum

95 2596 227 2639 limbo
271 2595 547 2646 brevissimo,
596 2595 795 2649 panicula
841 2595 976 2638 dense
1028 2596 1262 2649 spicisormi
1309 2594 1544 2647 cylindriea
1598 2595 1792 2647 elongata

95 2655 203 2700 alba.
228 2655 407 2709 spiculae
432 2653 773 2697 membranaceae
794 2655 954 2708 glumis
983 2655 1427 2708 oblongo-linearibus
1452 2653 1619 2695 obtusis
1647 2654 1790 2695 carina

87 2714 247 2757 ciliatis
273 2713 490 2757 exteriore
513 2713 714 2756 breviore
743 2716 786 2755 et
808 2713 900 2756 basi
924 2713 1245 2764 subattenuata,
1268 2711 1468 2767 glumcllii
1493 2715 1534 2753 et
1557 2712 1675 2765 palea
1700 2712 1791 2764 glu-

93 2785 186 2816 mas
218 2772 615 2826 subsuperantibus
655 2772 860 2816 inferiore
895 2773 938 2815 in
967 2773 1273 2816 mucronulum
1306 2773 1539 2821 attenuata,
1562 2772 1789 2825 superiore

89 2832 215 2887 apice
242 2831 636 2874 truncato-erosula
669 2833 731 2878 m.

140 2913 242 2950 Hab.
262 2913 303 2949 in
323 2912 551 2950 Belutschia
570 2913 635 2950 vel
662 2912 810 2950 ditione
829 2913 973 2950 Scinde
995 2913 1122 2959 (Griff.
1146 2923 1227 2949 exs.
1250 2920 1290 2949 n⁰
1316 2914 1415 2959 153.)

136 2978 272 3016 culmi
305 2977 424 3014 crassi
457 2977 788 3025 8-10—pollicares‚
820 2978 1006 3015 foliorum
1043 2978 1272 3014 inferiorum
1311 2978 1458 3014 limbus
1497 2976 1789 3023 3-1-p011ica1·is,

1651 3042 1693 3077 31
