2062 3314
191 197 268 235 314
956 205 1156 233 mmmm:
1632 196 1884 245 Asphodelus
1893 227 1902 234 .

201 281 300 324 latis
317 279 446 334 apice
470 278 742 331 incrassati&
767 279 953 323 bracteis
987 293 1010 323 a
1036 279 1130 323 basi
1157 281 1282 322 ovata
1305 279 1555 324 lanceolatis
1571 281 1791 336 -pedicello
1815 283 1908 325 lon-

198 338 412 393 gioribus,
461 338 674 393 perigonii
720 338 804 380 albi
851 338 1272 382 infundibulit'ormis
1330 340 1488 394 phyllis
1537 339 1905 394 lineari-oblongis

194 398 372 441 obtusis
399 397 575 441 demum
605 398 868 451 patentibus,
898 397 1132 441 filamentis
1156 410 1177 439 a
1201 397 1291 442 basi
1308 398 1728 452 deltoideo-oblonga
1742 400 1904 443 sensim

199 457 454 509 attenuatis,
494 457 672 510 capsula
722 458 964 511 majuscula
1012 456 1334 510 ovato-globosa
1386 458 1608 511 hexagona
1653 462 1907 502 transverse

201 518 391 559 nervosa
425 516 485 562 Qt.
512 514 646 558 chb.
676 513 820 558 Germ.
847 516 919 568 fig.
950 515 1068 558 1119.
1097 538 1153 547 —
1177 514 1231 558 A.
1252 515 1593 570 sphoerocarpas
1614 522 1656 560 et
1677 516 1732 559 A.
1759 516 1907 559 sabal-

193 574 337 629 pt'nus
364 573 439 617 Gr,
464 578 508 617 et
530 572 663 616 Godr.

250 648 343 684 H2h
387 649 428 683 in
458 647 621 693 regione
645 647 858 694 subalpina
890 647 1131 684 Macedoniae
1170 647 1210 684 in
1238 650 1370 685 monte
1402 649 1585 686 Peristeri
1615 660 1736 696 prope
1766 650 1911 686 Bitolia

196 694 307 732 4000’
327 695 521 740 (Griseb.)
541 694 598 730 Fi.
620 694 710 730 Jun.

248 763 301 796 Ar
319 760 455 805 Geoqr.
479 759 632 795 Montes
652 759 856 805 Hispaniae
877 760 1065 795 australis
1084 762 1121 795 et
1148 759 1331 803 borealis,
1362 760 1493 796 Gallia
1519 761 1778 797 occidentalis.
1815 761 1910 798 Del-

199 806 406 890 Blailffissffi'
425 806 546 853 Alpes
572 805 695 842 Italiae
721 807 894 843 borealis
916 809 955 842 et
977 807 1183 853 Helvetiae,
1208 808 1416 854 Apennini,
1438 808 1606 844 littorale
1643 810 1909 854 Austriacum,

336 990 461 1033 Scor.
494 989 545 1032 ΙΙ.
573 989 825 1032 VERINEA
852 989 1006 1033 Baketx
1032 1014 1081 1020 -—
1120 989 1420 1044 Monocarpici,
1448 990 1572 1033 radix
1603 990 1778 1045 t'lbrosa‚

895 1050 992 1092 folia
1018 1049 1227 1092 fistulosa.

266 1161 305 1202 3.
331 1160 392 1203 A.
417 1159 740 1203 fistulosus
765 1159 832 1216 (L.
868 1160 939 1214 Sp.
978 1159 1085 1214 444)
1125 1160 1268 1203 radice
1306 1161 1438 1203 libras
1472 1164 1725 1205 carnosulas
1756 1167 1909 1206 tennes

201 1219 376 1270 edente,
399 1219 513 1262 foliis
532 1221 780 1262 numerosis
797 1223 980 1273 anguste
1006 1219 1244 1262 linearibus
1268 1220 1593 1263 semiteretibns
1618 1222 1774 1265 subtus
1802 1225 1911 1265 cari-

209 1280 321 1322 natis
357 1277 658 1321 subtistulosis
696 1280 890 1331 margine
924 1278 1184 1320 scabridulis
1226 1279 1709 1323 subulam-acuminatis
1751 1283 1907 1325 erectis

199 1339 329 1381 caule
352 1336 649 1382 brevioribus,
677 1339 799 1380 caule
825 1341 968 1380 erecto
997 1337 1195 1381 fistuloso
1233 1339 1419 1392 simplici
1452 1341 1515 1382 vel
1539 1340 1700 1393 saepius
1723 1341 1912 1383 alterna-

204 1398 280 1440 tim
327 1398 392 1439 vel
440 1396 769 1439 subdicbotome
796 1409 968 1439 ramoso
1012 1397 1146 1439 ramis
1189 1399 1346 1440 erectis
1384 1399 1424 1440 in
1459 1412 1652 1442 racemos
1690 1400 1910 1443 laxissoros

201 1455 483 1505 abeuntibus,
537 1455 724 1498 bracteis
771 1456 1018 1499 lanceolatis
1067 1456 1344 1508 acuminatis,
1396 1458 1613 1510 pedicellis
1653 1459 1814 1502 strictis
1858 1460 1910 1502 ad

207 1516 401 1558 medium
424 1514 667 1558 articulatis
689 1515 796 1557 flore
820 1517 955 1558 multo
985 1515 1276 1569 brevioribus,
1305 1516 1487 1559 floribus
1505 1517 1724 1570 solitariis,
1745 1518 1913 1572 perigo-

207 1575 266 1618 nii
285 1574 374 1616 albi
396 1575 462 1617 vel
486 1574 631 1616 carnei
651 1574 731 1616 sub
748 1574 918 1617 anthesi
946 1574 1118 1617 rotatim
1140 1576 1321 1628 expansi
1341 1576 1502 1629 phyllis
1524 1576 1726 1630 ellipticis
1743 1578 1911 1620 obtusis

205 1634 316 1677 stria
355 1633 497 1675 media
529 1633 701 1675 virente
734 1634 800 1677 vel
839 1636 1078 1688 purpurea.
1106 1634 1337 1677 filamentis
1363 1649 1386 1677 a
1419 1636 1509 1678 basi
1549 1636 1731 1689 oblonga
1774 1636 1910 1690 pilosa

200 1695 289 1737 cito
312 1692 554 1745 angustatis
582 1704 774 1745 superne
795 1693 1223 1736 fusiformi-dilatatis
1248 1694 1513 1745 subinflatis‚
1539 1696 1716 1748 capsula
1734 1695 1911 1749 globosa

205 1752 416 1807 pedicello
452 1762 644 1805 superne
676 1753 837 1794 sensim
869 1753 1109 1794 incrassato
1145 1754 1195 1794 ea
1231 1754 1247 1793 1
1282 1752 1381 1807 ¹s2-‘2
1408 1755 1476 1806 plo
1513 1755 1705 1806 longiore
1729 1754 1909 1796 suffulta

205 1811 347 1854 valvis
391 1811 512 1865 apice
554 1812 941 1854 truncato-retusis
984 1811 1115 1854 dorso
1162 1812 1283 1864 rugis
1327 1813 1397 1854 2-3
1436 1814 1597 1857 crassis
1643 1815 1911 1856 transversis

207 1871 381 1921 notatiS‚
412 1871 656 1913 seminibus
684 1871 981 1913 nitidinscnlis
1011 1871 1142 1913 dorso
1186 1872 1259 1913 ⁴2-3
1298 1872 1430 1914 sulcis
1471 1874 1737 1915 transversis
1774 1876 1817 1914 et
1858 1873 1911 1914 ad

204 1930 342 1972 latera
364 1930 438 1971 23
481 1929 618 1972 foveis
648 1930 879 1984 insculptis
906 1929 960 1984 Θ
994 1930 1060 1971 vcl
1080 1929 1212 1976 erle.
1248 1929 1679 1973 F1.G1·aee.tab.335.
1699 1955 1751 1963 —
1772 1931 1908 1974 Rchb.

209 1988 360 2031 Germ.
386 1989 456 2041 fig.
492 1990 614 2031 1117.

256 2062 360 2098 Hah.
393 2063 435 2098 in
471 2064 637 2108 campis⁷
678 2062 727 2098 ad
760 2063 859 2105 vias,
901 2063 941 2097 in
968 2062 1168 2099 littoribus
1198 2064 1371 2109 regionis
1400 2063 1593 2100 inferioris
1627 2065 1836 2100 maritimae
1874 2066 1913 2100 iu

205 2110 384 2146 Graecial
403 2112 442 2146 et
469 2110 757 2156 Archipelago!
791 2111 906 2145 Cret-:t
934 2110 1099 2156 (Siebl).
1125 2110 1334 2156 Byzantii!
1363 2111 1474 2147 Caria
1504 2114 1541 2147 et
1573 2111 1694 2157 Lycia
1725 2111 1869 2156 (Tchih
1887 2114 1912 2156 !)

207 2157 448 2204 Pamphylia,
469 2157 620 2203 (Bourg
636 2160 672 2201 l),
699 2157 812 2202 Syria
831 2157 880 2192 ad
902 2157 1055 2204 Aleppo
1071 2158 1153 2203 (Ky
1172 2160 1200 2203 l)
1225 2160 1263 2193 et
1284 2158 1446 2194 littorali
1465 2159 1525 2203 (Bl
1543 2161 1550 2194 !
1586 2159 1692 2195 Gaill
1706 2160 1742 2204 l),
1780 2160 1910 2206 Cypro

204 2205 316 2249 (Sint
329 2206 367 2251 l)y
388 2204 588 2240 Palestinit
606 2205 655 2240 ad
676 2204 998 2250 Hierosolymam
1017 2205 1130 2249 (Post
1144 2207 1181 2249 t),
1200 2205 1353 2252 Egypto
1373 2206 1568 2242 inferiore.

261 2269 322 2304 Ar.
341 2269 474 2313 Geoqr.
493 2268 617 2314 Regio
640 2267 929 2304 mediterranea
946 2269 1068 2309 totius
1089 2268 1258 2314 Europae
1277 2272 1314 2304 et
1333 2270 1475 2305 Africae
1496 2269 1679 2306 borealis.

273 2370 310 2411 4.
337 2369 395 2413 A.
421 2367 773 2412 tenuifolius
801 2367 922 2423 (Cav.
949 2368 1070 2411 Anal.
1096 2368 1238 2412 Cienc.
1262 2370 1335 2419 Ill,
1353 2372 1422 2422 46,
1453 2371 1537 2412 tab.
1561 2371 1634 2426 27)
1658 2371 1799 2413 radice
1818 2384 1914 2414 ver-

208 2428 325 2471 ticuli
354 2428 475 2471 brevi
500 2428 542 2468 in
569 2428 701 2470 fibras
734 2432 886 2470 tenues
913 2428 996 2469 cito
1022 2428 1179 2478 soluta,
1207 2430 1317 2472 foliis
1340 2431 1647 2483 angustissime
1675 2431 1912 2474 linearibus

211 2488 677 2530 subulam-attenuatis
718 2488 874 2529 erectis
920 2499 1048 2541 scapo
1081 2487 1358 2531 brevioribus
1393 2489 1718 2532 semiteretibns
1754 2490 1913 2532 subtis-

209 2547 381 2599 tulosis,
405 2546 525 2588 caule
549 2550 693 2588 erecto
712 2546 882 2589 inferne
910 2550 956 2588 ut
979 2550 1017 2589 et
1047 2547 1146 2589 folia
1175 2547 1422 2590 scabridulo
1447 2550 1572 2591 tereti
1597 2549 1793 2591 fistuloso
1812 2550 1914 2591 sim-

211 2606 309 2659 plici
347 2609 412 2648 vel
445 2606 607 2659 saepius
636 2617 822 2658 ramoso,
849 2606 982 2647 ramis
1013 2607 1170 2648 erectis
1206 2607 1246 2648 in
1273 2619 1465 2650 racemos
1493 2609 1713 2651 laxissoros
1738 2608 1912 2652 demum

211 2664 491 2718 longissimos
554 2664 833 2718 abeuntibus,
874 2665 1096 2719 pedicellis
1142 2666 1251 2708 infra
1295 2667 1481 2708 medinm
1527 2666 1767 2710 articulatis
1807 2669 1914 2710 ssore

211 2725 348 2769 multo
381 2724 672 2774 brevioribus,
699 2724 884 2767 bracteis
913 2738 935 2766 a
970 2724 1063 2765 basi
1101 2725 1181 2766 late
1213 2726 1466 2778 triangulari
1504 2727 1774 2775 acuminatis,
1800 2727 1916 2770 flori-

209 2782 293 2825 bus
314 2783 538 2829 solitariis,
567 2784 776 2837 perigonii
803 2784 887 2826 albi
915 2783 996 2826 snb
1021 2784 1189 2826 antbesi
1216 2786 1505 2838 campanulati
1532 2786 1689 2840 phyllis
1714 2786 1912 2839 ellipticis

208 2842 384 2885 obtusis
417 2844 523 2885 stria
563 2843 703 2885 media
738 2847 1092 2897 purpurascente
1130 2844 1299 2885 notatisv
1335 2844 1565 2886 tilamcntis
1605 2858 1627 2886 a
1667 2846 1756 2886 basi
1786 2849 1909 2887 ovata

214 2902 350 2955 pilosa
379 2902 460 2943 cito
486 2902 727 2951 angustatis
756 2913 949 2954 superne
977 2902 1404 2945 t'nsiforini-dilatatis
1434 2904 1696 2953 subintlatis,
1732 2905 1910 2957 capsula

209 2963 345 3014 parva
373 2960 699 3014 ovato-globosa
740 2961 950 3015 pedicello
982 2973 1174 3014 superne
1210 2962 1448 3004 incrassato
1472 2965 1521 3005 ea
1547 2963 1677 3017 duplo
1716 2963 1908 3016 longiore
