2089 3246
106 219 363 268 Alopecurus.
848 229 1073 257 GnAmmeAE
1740 230 1810 266 485

220 405 553 456 ALOPECURUS
590 405 658 466 (L.
690 405 790 454 Gen.
822 405 873 454 N⁰
908 406 980 454 78.
1011 433 1070 439 —
1104 405 1414 455 Colobachnc
1441 410 1492 457 Ρ.
1528 412 1588 459 de
1616 412 1700 474 R).

165 526 352 581 Spiculae
395 524 593 568 unissorae
636 525 1003 578 hermaphroditae
1048 525 1091 567 in
1130 527 1371 581 nauiculam
1408 529 1699 581 spicifer-mem
1744 536 1808 575 vel

106 586 334 641 capitatam
359 584 539 634 densam
564 583 800 637 disposilae.
824 583 990 626 Glumae
1017 584 1137 626 binae*
1156 585 1301 628 liberte
1325 587 1390 628 vel
1417 588 1506 630 basi
1537 591 1634 643 plus
1664 591 1810 634 miuus

108 646 233 698 longe
247 647 440 687 connalae
457 642 734 697 suhaequales
754 643 1027 686 naviculares
1046 646 1259 686 carinalae.
1276 646 1373 687 Flos
1392 648 1572 690 sessilis.
1599 648 1810 692 Glumella

107 704 433 747 membranacea
452 702 620 756 glumas
648 701 913 756 subzequaus
935 703 1091 746 obtusa
1114 704 1181 745 vel
1204 705 1378 759 oblique
1416 709 1611 750 truncata
1649 710 1810 761 stepius

108 762 376 816 marginibus
405 761 496 803 basi
521 764 705 804 connata
733 761 864 803 dorso
886 762 1215 816 arISlata‚palea
1239 767 1421 817 angusta
1444 767 1670 808 uninervia
1698 780 1812 822 szepe

106 822 238 868 nulla.
273 820 522 875 Squamulae
549 820 692 865 nullae.
731 819 923 863 Stamina
964 822 1058 867 tria.
1100 822 1207 875 Styli
1245 824 1268 864 :2
1302 836 1417 876 saepe
1459 825 1501 867 in
1548 839 1682 868 unum
1719 828 1809 870 basi

104 882 260 931 coalui,
279 881 476 934 stigmata
495 881 693 933 elongata
713 880 910 933 plumosa
929 893 981 923 ex
999 881 1118 935 apice
1135 882 1257 924 floris
1270 885 1551 936 emergentia.
1573 884 1810 940 Caryopsis

106 944 231 984 ovata
259 940 326 981 vel
355 939 537 993 oblonga
561 951 582 980 a
620 940 754 981 latere
793 939 1129 994 subcompressa
1166 942 1333 984 macula
1357 942 1480 984 hilari
1516 945 1808 998 punctil'ormi.

106 1024 160 1030 —
184 999 338 1042 Herbae
365 1010 520 1041 annuae
543 999 609 1041 vel
630 1009 860 1052 perennes,
888 1023 943 1028 —
970 999 1096 1041 Palea
1121 999 1162 1041 in
1190 1000 1239 1046 A,
1267 1001 1474 1052 ‘capiunto
1498 1004 1810 1059 nonnullisque

105 1059 311 1101 affinibus
337 1061 380 1101 et
403 1057 444 1100 in
465 1057 779 1112 speciminibus
797 1057 1029 1101 simillimis
1053 1059 1175 1102 adest
1198 1060 1265 1101 vel
1289 1060 1426 1113 deest,
1454 1061 1607 1104 divisio
1637 1065 1813 1116 generis

106 1119 148 1160 in
173 1118 387 1160 sectiones
416 1115 680 1159 Colohaclme
700 1120 744 1158 et
764 1115 1099 1169 Eualopeearus
1123 1118 1253 1172 igitur
1279 1131 1361 1161 non
1389 1122 1613 1167 naturalis.

863 1228 873 1239 '
901 1226 1047 1262 Annui.

170 1313 206 1354 1.
235 1311 294 1355 A.
322 1310 588 1366 agrestis
611 1310 679 1366 (L.
705 1310 777 1364 Sp.
803 1310 880 1365 89)
906 1322 1095 1361 anuum,
1115 1310 1259 1354 radice
1287 1311 1631 1363 fibrosa,culmis
1654 1316 1811 1358 erectis

105 1382 296 1426 superne
320 1369 652 1418 scabriusculis,
687 1370 798 1413 foliis
815 1370 910 1414 laete
932 1369 1146 1413 viridibus
1166 1371 1329 1423 glabris
1355 1373 1521 1425 vaginis
1539 1373 1808 1426 cylindrieis,

107 1430 309 1485 panicula
334 1429 573 1484 spicisormi
602 1429 839 1484 cylindrica
866 1429 1073 1483 utrinque
1098 1432 1322 1472 attenuata
1346 1431 1477 1475 ramis
1522 1433 1593 1474 1-2
1620 1433 1810 1486 spiculas

107 1489 377 1544 gerentibus,
405 1488 565 1543 glumis
599 1490 652 1532 ad
689 1489 880 1532 medium
923 1489 1120 1531 connatis
1155 1489 1402 1532 lanceolatis
1435 1492 1597 1533 sensim
1627 1494 1810 1534 aculalis

105 1549 253 1592 carina
287 1551 470 1602 anguste
510 1548 635 1590 alatis
673 1552 718 1590 et
750 1547 1111 1603 pubescentibuS,
1139 1549 1345 1600 glumella
1373 1551 1534 1603 glumis
1567 1551 1811 1605 aequilonga

106 1608 493 1650 ovato—lanceolata
518 1619 653 1662 prope
675 1608 800 1650 basin
823 1608 1002 1651 aristata
1026 1608 1158 1650 arisla
1176 1608 1337 1660 gluinis
1355 1610 1575 1662 subduplo
1601 1610 1811 1663 longiore,

107 1668 230 1721 palea
269 1668 388 1709 nulla
424 1670 488 1717 O.
525 1666 643 1720 Engl.
670 1666 761 1709 Boi.
797 1668 881 1709 tab.
909 1668 1010 1710 848.
1045 1691 1104 1697 —
1143 1666 1251 1709 Host
1296 1666 1442 1710 Gram.
1478 1668 1551 1721 111,
1591 1673 1615 1710 t.
1654 1671 1721 1711 12.
1754 1693 1811 1698 —-

107 1725 241 1768 Rebb.
274 1724 419 1770 Germ.
446 1725 472 1766 f.
497 1727 595 1768 473.
622 1751 676 1756 —
706 1726 824 1768 Trin.
851 1725 923 1768 Gr.
958 1725 1040 1768 tab.
1076 1727 1147 1768 37.
1176 1750 1230 1757 —
1265 1726 1314 1768 A.
1340 1739 1672 1780 pztrpurascens
1703 1727 1810 1770 Link

107 1784 231 1828 Linn.
258 1784 433 1835 XXVII,
455 1798 499 1840 p.
523 1786 608 1828 [ιΟΟ
635 1784 709 1840 (ex
737 1785 1067 1841 descriptione).

153 1858 256 1894 Hab.
274 1860 317 1894 in
335 1860 506 1906 pascuis,
524 1859 640 1895 cultis
672 1859 818 1905 saepius
848 1859 1038 1900 humidis.
1072 1860 1201 1895 vineis
1232 1860 1350 1895 totius
1389 1859 1549 1895 ditionis
1585 1872 1606 1896 a
1645 1861 1812 1896 ‹jn-secia!

107 1906 340 1942 Macedonia
359 1907 513 1952 (Frivl)
534 1906 583 1942 ad
606 1906 762 1952 Syriam
784 1906 994 1942 littoralem
1014 1909 1051 1943 et
1067 1907 1293 1942 interiorem
1314 1907 1378 1951 (Bl
1394 1910 1401 1942 l
1420 1907 1525 1942 Gaill
1543 1909 1578 1952 ll,
1614 1908 1811 1953 Enyptuni

105 1954 146 1989 in
162 1953 310 1991 ditione
326 1954 496 2000 Fayuml
513 1954 652 1999 (Schw
666 1955 708 1998 Ξ),
725 1955 925 2000 regionem
943 1955 1216 1990 Caucasicaml
1232 1955 1340 1990 Meso
1372 1955 1560 1990 otamiani
1581 1955 1811 2000 (linusskl),

106 2001 280 2092 fcerffiagi
326 2001 525 2038 borealem
567 2002 738 2045 (Szovl),
759 2002 974 2037 australem
995 2002 1035 2037 in
1056 2001 1283 2048 subalpinis
1303 2004 1316 2045 (
1361 2000 1478 2037 aussk
1498 2004 1537 2048 Β),
1559 2002 1811 2048 Ass'glianiam

162 2059 178 2084 Γ
239 2078 245 2084 .
269 2076 275 2082 .

165 2115 195 2169 β
219 2115 374 2157 tonsus
407 2115 594 2159 Blanche
628 2115 671 2157 in
701 2116 780 2158 litt.
823 2139 878 2148 —
917 2116 1065 2158 Arista
1105 2115 1251 2159 brevis
1282 2116 1440 2169 glumis
1464 2115 1646 2158 inclusa.
1675 2140 1731 2147 —
1755 2116 1808 2157 A.

107 2174 386 2217 coerulescens
413 2174 562 2220 Steud.
592 2178 636 2218 et
663 2175 827 2218 I-Iochst
849 2176 892 2217 in
923 2174 1103 2218 Fleisch.
1129 2187 1219 2218 exs.
1254 2175 1376 2217 1827.
1400 2199 1455 2204 —
1479 2176 1530 2216 A.
1562 2187 1813 2227 purpuras-

105 2245 205 2276 cens
233 2233 344 2277 Link
371 2233 496 2276 Linn.
526 2233 662 2282 XVII,
687 2248 728 2289 p.
757 2235 864 2277 400!

153 2308 255 2345 Hah.
275 2309 316 2345 in
334 2310 438 2356 agris
459 2310 641 2356 Smyrnae
659 2310 832 2355 (Fleisch
847 2312 888 2356 l),
906 2310 1022 2356 Syria
1043 2308 1206 2345 littorali
1230 2309 1280 2345 ad
1300 2309 1483 2356 Tripolin
1503 2310 1565 2355 (Bl
1582 2311 1621 2354 l).

151 2375 215 2410 Ar.
237 2374 371 2420 Geoqr.
395 2375 555 2422 Europa
575 2376 705 2411 media
732 2378 769 2411 et
790 2375 975 2411 australis
994 2385 1016 2410 a
1037 2375 1165 2410 Dania
1187 2378 1224 2410 et
1257 2374 1405 2410 Gothia
1437 2374 1487 2409 ad
1515 2374 1697 2410 Rossiam
1733 2384 1812 2409 me-

107 2421 224 2466 diam,
239 2422 517 2469 Turkestania,
541 2423 672 2458 Africa
690 2423 874 2459 borealis.
892 2422 1056 2468 Quoque
1074 2422 1115 2457 in
1131 2422 1311 2458 America
1327 2421 1478 2457 boreali
1497 2423 1657 2458 etNova
1674 2421 1812 2457 Zelun-

105 2467 181 2505 dia.
203 2469 336 2505 Anibi
358 2470 633 2506 introductus?

166 2571 204 2612 2.
235 2570 574 2614 A.Creticus
598 2571 731 2625 (Trin.
757 2570 829 2625 Sp.
857 2569 1000 2614 Gram.
1023 2571 1059 2622 Ι,
1088 2570 1169 2613 lab.
1189 2571 1322 2612 41.-
1343 2570 1526 2625 Spreng.
1543 2569 1597 2611 N.
1615 2567 1810 2614 Entd.11.

108 2643 148 2686 p,
183 2627 274 2685 45.)
300 2642 489 2678 annuus,
523 2631 666 2673 radice
695 2630 870 2682 sim-osa,
905 2631 1059 2674 culmis
1091 2631 1319 2683 cespitosis
1357 2628 1813 2680 ascendenti-genicu-

109 2690 222 2740 latis,
268 2688 379 2731 soliis
418 2690 582 2742 glabris
627 2689 865 2732 linearibus
907 2691 1062 2743 planis,
1110 2689 1277 2742 vaginis
1320 2689 1485 2743 apertis
1519 2687 1809 2734 subdilatalis,

108 2749 239 2803 ligula
273 2747 470 2801 oblonga.
510 2750 710 2802 panicula
753 2750 989 2803 spiciformi
1031 2749 1212 2800 oblonga
1256 2750 1321 2791 vel
1362 2745 1809 2800 oblongo-cylindrica

108 2807 238 2850 ramis
268 2807 585 2860 unispiculatis‚
604 2808 763 2862 glumis
789 2808 841 2849 ad
866 2808 916 2861 ⁴s⁵
944 2808 1139 2851 connatis
1165 2807 1382 2860 asperulis
1402 2807 1541 2849 ovalis
1564 2807 1684 2860 apice
1711 2817 1811 2847 aeu-

110 2865 308 2910 tiuseulis
333 2870 375 2908 et
399 2867 449 2909 ad
475 2868 665 2910 carinam
695 2868 778 2910 late
811 2867 937 2910 alatis
974 2871 1017 2909 et
1048 2866 1217 2918 ciliatis,
1241 2866 1443 2919 glumella
1484 2864 1811 2906 liorizonlaliler

109 2928 308 2968 truncata
326 2929 368 2969 et
395 2926 698 2969 subtimbriata
713 2935 854 2980 supra
883 2926 1005 2969 basin
1031 2926 1210 2968 aristala
1234 2925 1362 2967 arista
1381 2924 1538 2977 glumis
1564 2924 1694 2976 duplo
1720 2923 1808 2964 lon-

109 2984 241 3038 giore,
275 2985 398 3039 palea
426 2985 544 3028 nulla
573 2989 637 3036 Θ,
666 3010 717 3015 -
745 2985 796 3027 Α.
821 2984 1026 3027 Βαίαηειε
1053 2984 1188 3026 Boiss.
1214 2983 1313 3026 Mss.
