2062 3314
263 199 334 236 56ss
946 203 1133 229 orimum:
1143 203 1178 228 ,Ε
1677 190 1940 228 Ammockloa
1950 219 1959 228 .

266 293 458 326 convexa
486 283 636 321 ventre
661 278 786 332 plana
815 278 900 319 hilo
930 276 1224 331 punctisormi.
1249 298 1303 304 -
1332 273 1487 317 Herbae
1516 286 1671 317 annua}
1703 275 1879 327 spiculis
1917 276 1961 318 iu

269 342 430 395 spicam
461 339 637 380 densam
663 336 881 390 globosam
907 336 1065 389 glumis
1082 333 1346 389 spicularum
1370 333 1624 375 inferiorum
1645 334 1770 386 quasi
1795 334 1964 377 involu-

268 403 430 442 cratam
459 397 690 449 congestis,
715 396 819 438 facie
852 394 1105 437 Eclcinarz‘oe
1138 393 1202 434 vel
1243 391 1504 434 Oreoehtooe.
1542 415 1595 420 —
1627 391 1778 434 Genus
1807 392 1964 445 glumis

269 471 353 500 non
394 469 521 499 secus
557 457 711 498 lineam
749 454 933 496 mediam
971 453 1051 496 sed
1087 451 1331 494 excentrice
1379 451 1781 504 carinam-plicatis,
1817 452 1963 494 carina

269 517 394 559 alatis
422 515 606 567 insigne.

334 649 369 686 1.
399 645 460 686 A.
488 641 833 686 subacaulis
856 641 968 693 (Bal.
998 638 1148 681 Sclied.
1177 639 1284 680 1853
1313 637 1393 679 suh
1418 636 1621 692 Seslere'ci)
1649 649 1789 679 annua
1817 638 1965 690 glabra

271 704 506 758 cespitosa‚
538 701 680 743 radice
716 701 891 750 fibrosa,
924 698 1124 751 capitulis
1154 697 1269 738 iuter
1297 697 1394 738 solia
1415 696 1616 739 radicalia
1650 695 1965 740 subsessilibus

273 764 338 804 vel
366 763 520 803 culmis
543 760 703 802 crassis
732 758 844 800 soliis
871 756 1147 799 brevioribus
1181 756 1386 806 suffultis,
1419 756 1528 798 sotiis
1566 768 1587 796 a
1624 754 1712 797 basi
1753 756 1963 798 membra-

270 823 399 862 nacea
448 821 618 862 dilatata
658 822 838 870 anguste
877 816 1115 858 linearibus
1146 816 1356 867 elongatis
1384 814 1608 866 flexuosis,
1649 813 1779 865 ligula
1823 814 1962 864 brevi,

273 880 452 934 spiculis
481 890 615 920 nense
643 876 856 929 congestis
880 874 1139 923 &tt-floris,
1164 874 1322 926 glumis
1347 874 1485 916 ovatis
1505 873 1677 916 muticis
1704 874 1769 915 vel
1799 885 1968 916 mucro-

271 938 444 988 nulatis,
463 937 667 990 glumella
686 936 868 987 oblonga
888 935 968 975 sub
990 933 1102 975 lente
1122 933 1369 975 scabridula
1388 933 1585 974 elevatim
1604 936 1646 974 et
1663 931 1818 974 obtuse
1837 933 1964 986 quin-

273 997 514 1050 quenervia
538 997 653 1038 inter
681 1006 840 1036 nervos
865 994 1029 1034 sulcata
1057 992 1220 1034 sensim
1257 992 1300 1033 in
1331 991 1554 1043 cuspidem
1592 994 1753 1033 rectam
1785 990 1966 1034 brevem

272 1057 494 1098 attenuata
529 1054 722 1104 margine
762 1052 1090 1095 membranaceo
1117 1051 1158 1092 in
1195 1050 1340 1093 lobum
1374 1050 1578 1093 obtusum
1613 1050 1734 1103 apice
1762 1050 1968 1104 utrinque

271 1115 471 1161 abeunte,
498 1114 711 1166 stylorum
739 1112 828 1153 basi
861 1114 1131 1152 accrescente
1165 1110 1434 1163 complanata
1469 1110 1642 1151 demum
1679 1109 1827 1151 ovario
1873 1109 1966 1152 lon-

272 1174 390 1226 giore
419 1177 482 1223 O.
514 1173 564 1213 Α.
597 1171 813 1212 Palestina
844 1170 978 1211 Boiss.
1008 1169 1082 1210 loc.
1113 1169 1204 1218 cit„
1233 1181 1270 1221 p.
1298 1170 1366 1210 52.

322 1245 422 1280 Hal),
443 1246 482 1280 in
505 1245 679 1280 arenosis
699 1243 839 1278 desei-ti
865 1242 1075 1277 l‘alestinae
1102 1242 1151 1276 ad
1173 1241 1377 1277 meridiem
1403 1242 1508 1276 Gaza
1529 1240 1712 1286 (Boisst),
1743 1240 1792 1276 ad
1822 1241 1969 1277 Katieh

274 1296 311 1327 et
332 1293 398 1327 lin·
419 1303 459 1327 es
486 1292 588 1327 Seba
605 1290 778 1335 (Bai-hey
799 1292 838 1334 t),
861 1290 897 1324 in
929 1290 1082 1335 Egypto
1115 1289 1297 1324 inferiore
1325 1298 1443 1334 prope
1473 1288 1627 1323 Rosette
1655 1292 1691 1322 et
1721 1289 1761 1322 in
1787 1288 1969 1334 palmetis

271 1340 460 1421 {iuli-olgi}
477 1339 536 1425 'ad
555 1338 837 1373 Alexandrian]
860 1337 1053 1381 (Letourn
1067 1338 1108 1381 t),
1134 1337 1236 1370 inter
1257 1336 1426 1371 Mersina
1447 1337 1484 1370 et
1505 1335 1801 1382 Pompeiopolim
1821 1335 1968 1372 Ciliciae

271 1391 280 1430 (
323 1399 368 1421 a.

324 1452 456 1486 Facies
476 1450 610 1497 Scz'rpz'
632 1448 871 1485 IlIz'cleelz'am'.
896 1449 1028 1484 Altera
1050 1448 1204 1494 generis
1234 1448 1384 1494 species
1413 1448 1459 1482 A.
1482 1457 1659 1494 punsse‘as
1689 1446 1865 1491 (Scin-eb.
1896 1448 1972 1483 sub

275 1498 471 1544 Dmetylfs)
504 1497 672 1542 titgeri-ae
693 1498 824 1532 incola
857 1496 988 1531 differt
1034 1496 1175 1531 culmis
1204 1495 1430 1541 gracilibus,
1460 1495 1659 1540 gluniellis
1690 1494 1731 1529 in
1765 1494 1970 1541 cuspidem

278 1545 438 1590 longam
461 1555 668 1580 recurvam
692 1543 944 1579 abeuntibus,

326 1611 388 1645 Ar.
412 1612 543 1654 Geoqr.
564 1610 744 1655 Regnum
766 1609 1043 1653 Tunetammn,
1063 1607 1194 1642 Africa
1221 1607 1389 1642 borealis
1410 1607 1449 1641 in
1468 1606 1732 1642 interioribus.

678 1757 921 1805 sESfflsslt
959 1756 1149 1815 (trduin.
1192 1758 1310 1820 Spcc.
1347 1758 1453 1819 211·
1494 1756 1578 1818 ⁴8).

336 1895 521 1948 Spiculze
561 1908 582 1937 a
630 1896 762 1937 latere
802 1906 1062 1945 compressae
1110 1895 1341 1948 Q-G-t'lorae,
1374 1894 1567 1937 flosculis
1603 1893 1971 1947 hermaphroditis

278 1954 506 2007 superiore
531 1954 749 1995 interdum
784 1953 937 1995 sterili.
968 1952 1135 1996 Glunue
1163 1955 1364 1996 carinatae
1389 1954 1579 1997 flosculis
1600 1953 1838 1996 breviores.
1869 1951 1973 1995 Glu-

277 2014 403 2054 mella
431 2013 757 2054 membranacea
785 2013 974 2054 carinala
1011 2013 1130 2067 apice
1162 2014 1540 2063 4—5—dentieutata‚
1585 2013 1704 2066 palea
1740 2012 1974 2054 bicarinata

276 2071 420 2113 bifida.
445 2072 692 2125 Squamulae
716 2072 824 2112 binae
848 2072 966 2124 apice
990 2072 1196 2114 2-5-tidae.
1218 2072 1407 2114 Stamina
1430 2073 1520 2113 tria.
1541 2071 1652 2126 Styli
1669 2073 1692 2112 ⁶2
1712 2071 1973 2119 brevissimi,

279 2130 477 2183 stigmata
505 2132 626 2183 longa
652 2132 848 2185 plumosa
885 2131 936 2172 ad
980 2132 1149 2173 flosculi
1189 2132 1350 2186 apicem
1378 2132 1659 2184 emergentia.
1685 2131 1892 2173 Ovarium
1914 2131 1974 2183 (iu

280 2190 463 2243 nostris)
512 2191 631 2243 apice
676 2190 872 2243 pilosum.
916 2190 1150 2244 Caryepsis
1187 2192 1321 2233 libera
1364 2190 1758 2244 obovato-elliptiea
1794 2193 1974 2231 externe

277 2259 466 2290 convexa
502 2249 672 2290 interne
699 2248 967 2301 planiuscula
995 2249 1129 2292 libera
1158 2250 1241 2291 bilo
1269 2249 1464 2301 oblongo.
1492 2273 1546 2280 —
1576 2249 1731 2292 Herbze
1758 2259 1973 2302 perennes

280 2308 479 2359 panicula
503 2307 738 2360 spicisormi
760 2307 880 2349 brevi
910 2310 976 2349 vel
1006 2309 1217 2362 eleiigata‚
1234 2309 1413 2362 spiculis
1438 2308 1766 2351 subsessilibus.

344 2430 378 2469 1.
402 2427 451 2471 S.
475 2431 763 2483 argentea
785 2428 901 2478 (Savi
930 2429 968 2469 in
997 2430 1142 2472 Usteri
1162 2430 1273 2471 Anu.
1302 2430 1426 2479 1800,
1453 2430 1537 2472 tab.
1566 2430 1593 2482 1,
1620 2430 1687 2483 fig.
1717 2429 1749 2479 Ι,
1772 2430 1854 2472 sub
1877 2429 1976 2471 Fes-

277 2486 397 2541 tucti)
422 2488 626 2540 perennis
650 2488 864 2541 cespitosa
890 2489 1157 2537 stolonit'era,
1181 2490 1334 2531 culmis
1362 2489 1500 2535 elatis,
1535 2489 1647 2530 foliis
1673 2489 1837 2542 glaucis
1874 2489 1973 2541 rigi-

279 2547 345 2589 dis
393 2547 632 2588 linearibus
683 2547 801 2599 apice
845 2547 1009 2589 sensim
1047 2549 1302 2590 acuminatis
1338 2561 1529 2602 superne
1570 2548 1763 2601 margine
1796 2547 1974 2601 scabris,

280 2605 446 2657 vaginis
481 2605 533 2646 ad
570 2606 872 2648 fasciculorum
903 2606 1024 2647 basin
1053 2609 1091 2647 in
1123 2608 1254 2649 libras
1281 2619 1367 2649 non
1405 2607 1574 2659 solutis,
1601 2607 1797 2660 panicula
1825 2607 1976 2660 spicae-

269 2662 397 2706 'sormi
419 2665 657 2718 cylinilrica
684 2665 817 2707 densa
848 2665 937 2707 basi
970 2666 1140 2707 bractea
1159 2667 1241 2708 lata
1268 2666 1388 2708 brevi
1414 2666 1666 2719 subintegra
1690 2667 1976 2717 involucrata,

277 2724 437 2775 glumis
456 2725 703 2766 lanceolatis
720 2725 842 2777 longe
865 2725 1121 2767 acuminatis
1140 2726 1286 2767 carina
1311 2725 1475 2767 scabris
1495 2726 1697 2766 flosculos
1717 2725 1977 2779 subaequan-

279 2782 410 2834 tibus
439 2783 645 2834 glumella
674 2784 820 2824 carina
846 2783 998 2825 scabra
1031 2784 1149 2837 apice
1185 2785 1223 2826 in
1269 2788 1383 2826 setas
1416 2784 1488 2825 ⁰2-3
1525 2785 1680 2826 breves
1711 2785 1977 2837 aristamque

278 2841 581 2883 intermediam
605 2843 812 2894 glumella
833 2843 967 2884 multo
993 2842 1236 2885 breviorem
1266 2843 1453 2885 abeunte
1490 2849 1548 2889 24,
1578 2842 1618 2884 S.
1640 2846 1847 2895 aryeiztea
1875 2842 1976 2884 Savi

282 2900 377 2941 But.
405 2900 580 2942 Etrusc.
613 2901 642 2947 Ι,
668 2914 704 2954 p.
730 2903 798 2945 68.
822 2926 858 2930 --
907 2900 946 2942 S.
971 2901 1215 2954 cylimlriea
1246 2902 1292 2946 D,
1322 2901 1363 2943 C.
1394 2902 1453 2943 Fl.
1484 2902 1552 2943 Fr.
1577 2903 1614 2950 6,
1646 2915 1683 2954 p.
1714 2903 1812 2943 279.
1843 2926 1895 2931 —-
1931 2901 1972 2944 S.

283 2957 384 2999 alba
403 2958 541 3002 Sibtb.
569 2963 609 3001 et
629 2960 717 3001 Sm.
744 2960 805 3001 Fl.
833 2960 907 3002 Gr.
931 2959 963 3012 Ι,
991 2975 1029 3015 p.
1055 2962 1123 3005 56,
1143 2961 1226 3002 tab.
1244 2962 1296 3001 72
1320 2962 1552 3015 (glumellze
1574 2961 1738 3015 analysi
1759 2962 1975 3015 erronea).
