2089 3246
144 262 299 312 Typka,
879 267 1107 293 TanmEAE
1803 260 1846 295 51

138 347 205 389 vet
231 340 637 395 ovato-spatliulatis
665 339 874 392 perigenii
908 342 1015 384 setis
1053 341 1174 395 apice
1210 341 1680 394 capitato-incrassatis
1714 345 1848 397 sequi-

141 404 292 456 longis,
321 400 596 454 stigmatibus
626 399 863 442 linearibus
890 405 1006 442 setas
1042 401 1167 452 longe
1196 400 1510 452 superantibus
1548 407 1606 447 26.
1636 403 1674 443 T,
1702 403 1849 443 minor

138 462 276 507 Smitb
314 460 489 502 Brit.—
516 458 637 512 Engt.
669 458 763 501 Bot.
786 459 872 500 tab.
899 461 1023 501 1457,
1052 484 1106 489 —
1125 459 1163 501 T.
1196 459 1380 499 minima
1404 459 1556 513 Hoppe
1575 460 1699 503 Cent.
1729 463 1766 503 3.
1793 487 1845 492 —

140 521 271 564 Rchb.
300 520 356 562 Ic.
387 518 533 561 Germ
560 518 644 560 tab.
669 518 771 559 3¹9.

186 596 286 632 Hah.
308 596 348 631 in
369 593 575 642 paludosis
597 593 773 629 arenosis
795 596 832 628 et
849 593 898 628 ad
921 593 1078 638 fluvios,
1100 595 1300 629 Caucasus
1322 593 1390 637 (M.
1404 593 1457 637 B,
1481 594 1520 628 (“.
1544 594 1588 629 Α.
1611 594 1701 630 ,Χίον
1718 597 1742 639 t)
1770 596 1847 630 At.-

139 645 273 680 chasia
293 642 508 687 (Nol-,dnm
528 641 655 676 Iberia
676 640 1005 686 (w11h)l’ers11
1024 641 1191 676 boreali·
1197 641 1402 676 orientali
1417 623 1490 687 (I'ssg
1476 642 1566 686 et)
1586 634 1692 676 '‘lurt'z
1699 644 1831 678 (stant
1838 655 1847 677 ι

140 693 238 727 inter
255 690 437 726 Buchara
451 691 489 724 et
502 687 747 724 Sumarcand
767 688 957 733 (Letnn.)‚
976 690 1064 732 Att'g
1056 688 1190 723 hania
1205 688 1347 731 (Griff'.
1352 694 1377 733 j,
1399 688 1608 723 Belutscbi
1604 701 1623 723 ι
1641 690 1776 734 (Stoct
1782 693 1847 725 sti.

185 756 248 790 Ar.
271 755 405 798 Geoqr.
442 752 573 787 Gallia
595 752 966 795 austro—orientalis,
1001 731 1197 793 Helvetia,
1219 751 1436 787 Germania
1467 754 1504 787 et
1532 752 1645 786 Italia
1678 752 1847 787 borealis

136 812 248 838 secus
278 802 421 836 fluvios
448 810 496 835 ex
516 798 686 845 Alpibus
708 798 908 846 oriundos,
932 799 1154 844 ilungaria,
1175 800 1345 844 Croatia,
1370 799 1507 834 Bossia
1528 800 1726 843 australis,
1748 800 1846 835 Son-

141 850 260 895 garia,
285 848 441 893 sibit-ia,
458 847 585 882 Chtna
604 846 786 883 borealis.

194 948 234 990 6.
255 947 312 989 Τ.
342 943 816 989 Haussknechtii
842 944 1029 998 (Robrb.
1059 945 1197 998 Typli.
1227 957 1263 997 p.
1290 944 1366 999 99)
1401 944 1600 987 caulibus
1636 945 1844 988 floriferis

133 1007 367 1059 gracilibus
411 1008 536 1060 parte
569 1004 765 1046 inferiori
804 1004 976 1051 t'oliatis,
1022 1004 1132 1046 foliis
1165 1008 1347 1057 anguste
1393 1004 1633 1046 linearibus
1677 1006 1841 1047 caulem

137 1067 258 1119 longe
281 1063 593 1119 superantibus
612 1076 746 1117 supra
772 1064 967 1116 vaginam
993 1064 1223 1117 triquetris
1243 1075 1436 1117 superne
1468 1064 1844 1116 plano-convexis,

137 1125 268 1178 spicis
311 1124 503 1167 mascula
549 1127 590 1165 et
630 1122 814 1165 feminea
862 1122 1126 1166 distantibus
1162 1123 1358 1166 breviter
1409 1122 1674 1175 cylindricis.
1721 1123 1843 1165 brae-

135 1184 259 1226 teotis
283 1197 303 1226 a
331 1183 422 1225 basi
448 1182 636 1224 fitisormi
662 1182 852 1223 dilatatis
890 1181 1304 1234 ovato-spatliutatis
1334 1182 1546 1235 perigenii
1570 1186 1686 1225 setas
1721 1182 1845 1237 longe

135 1243 463 1297 superantibus,
496 1241 771 1295 stigmatibus
808 1241 1047 1284 linearibus
1072 1242 1303 1283 bracteolis
1328 1241 1692 1284 subbrevioribus
1727 1247 1783 1288 26.

182 1325 281 1361 Hab.
301 1327 341 1361 in
360 1325 552 1361 Cataonia
573 1327 622 1360 ad
643 1325 814 1360 fluvium
833 1324 970 1361 Goksu
996 1325 1096 1360 inter
1114 1325 1295 1361 Behesne
1320 1327 1358 1361 et
1378 1325 1572 1361 Adiaman
1595 1326 1776 1371 (Haussk
1796 1328 1837 1371 t).

182 1398 306 1434 Valde
325 1398 453 1434 affinis
477 1397 516 1433 T.
534 1397 783 1442 Laoc-manni,
799 1398 1020 1445 praesertim
1040 1399 1122 1444 ejus
1143 1400 1278 1433 formae
1295 1397 1517 1433 antumnali
1542 1398 1581 1434 T.
1604 1397 1842 1435 Laarmanm

132 1456 220 1482 var.
244 1445 431 1493 yraezlz's,
459 1446 591 1481 forsan
623 1446 741 1492 hujus
770 1446 913 1491 speciei
950 1456 998 1480 ex
1027 1446 1113 1492 ipso
1131 1446 1282 1481 Rohrb.
1304 1446 1546 1492 subspecieS.
1577 1446 1841 1482 Differtfoliis

133 1493 280 1529 inferne
302 1494 503 1540 triquetris
523 1493 575 1528 ad
592 1493 760 1539 angulos
780 1493 964 1529 laterales
984 1493 1628 1536 subdenticulatis,bracteolarum
1643 1505 1730 1530 euin
1747 1496 1841 1530 setis

131 1542 405 1588 proportione.

547 1746 702 1795 om).
736 1747 951 1796 CXXX.
990 1745 1399 1794 ORCHIDEAE.

799 1915 836 1969 (J
847 1927 936 1958 uss.
958 1913 1065 1957 Gen.
1093 1914 1182 1967 64).

191 2059 344 2103 Flores
376 2059 723 2114 hermapliroditi
764 2061 1046 2115 irregulares.
1086 2060 1366 2115 Perigonium
1413 2071 1624 2114 superum
1660 2060 1839 2114 petatoi-

131 2120 261 2163 deum
305 2120 593 2174 sexpartitum
639 2118 801 2174 phyllis
845 2121 981 2163 ternis
1025 2121 1221 2163 externis
1268 2131 1365 2162 cum
1412 2119 1527 2162 binis
1578 2120 1838 2163 interiorum

131 2178 289 2221 labium
333 2178 539 2233 superius
574 2180 864 2223 formantibus
905 2191 1019 2233 saepc
1044 2181 1087 2222 in
1118 2180 1282 2234 galeam
1329 2179 1682 2233 conniventibus,
1710 2180 1838 2222 tertio

131 2238 340 2281 interiore
363 2236 466 2293 (situ
484 2238 692 2292 primario
718 2239 947 2292 superiore
971 2240 1050 2282 sed
1077 2239 1215 2282 ovarii
1242 2239 1435 2282 torsione
1462 2239 1683 2291 inferiore)
1709 2237 1839 2280 label-

130 2296 220 2338 lum
244 2297 470 2340 formante.
495 2297 703 2340 Ovarium
731 2299 1002 2342 unitocutare
1028 2298 1381 2341 multiovutatum
1415 2299 1624 2352 placentis
1653 2299 1840 2352 parieta-

131 2355 258 2398 libus.
283 2355 474 2398 Stamina
491 2361 615 2400 terna
641 2369 736 2400 cum
765 2359 879 2412 stylo
904 2362 1020 2401 arcte
1039 2361 1218 2400 connata
1237 2357 1564 2410 mmostemium
1587 2357 1836 2405 formantia,

131 2415 216 2458 duo
240 2415 436 2458 lateralia
463 2417 629 2458 sterilia
657 2417 928 2459 scammodia
966 2430 1081 2470 saepe
1117 2417 1326 2468 obsoleta,
1349 2417 1658 2459 intermedium
1696 2416 1838 2459 fertile

130 2473 299 2528 (rarius
325 2474 410 2518 duo
434 2475 627 2518 lateralia
652 2476 807 2518 tei-titia
831 2477 1137 2520 intermedium
1167 2476 1351 2531 sterile).
1370 2476 1563 2518 Antbera
1586 2475 1838 2519 bitocularis

129 2535 293 2585 (rarius
311 2534 619 2590 1-4-locularis)
638 2536 702 2577 vet
718 2535 990 2590 gynostemio
1008 2540 1093 2578 tota
1110 2535 1265 2578 adnata
1282 2548 1368 2579 non
1388 2535 1560 2578 mobilis
1581 2536 1836 2589 persistens,

129 2594 196 2634 vet
225 2593 307 2636 ima
333 2593 423 2635 basi
450 2594 604 2636 adnata
632 2596 902 2649 opercutaris
934 2595 1068 2638 libera
1095 2595 1338 2648 persistens
1366 2598 1442 2637 aut
1467 2595 1662 2638 decidua.
1686 2593 1838 2637 Polten

129 2653 429 2706 conglobatum
459 2654 500 2696 in
527 2665 693 2697 massas
717 2666 917 2697 ceraceas
944 2656 1010 2698 vet
1037 2655 1294 2707 granutosas
1325 2653 1556 2709 (pollinia)
1584 2666 1700 2708 srepe
1734 2664 1838 2694 cau-

129 2710 276 2753 diculci
297 2711 501 2755 sussuttas
525 2716 568 2755 et
589 2713 809 2766 glandulis
832 2714 1047 2768 stigmatis
1075 2713 1366 2764 adhaerentes,
1395 2714 1537 2765 stylus
1562 2713 1840 2755 indistincter

127 2770 250 2823 apice
275 2771 573 2815 interlocutos
600 2773 794 2815 antberae
819 2774 860 2815 in
895 2785 1145 2827 processum
1173 2784 1404 2815 carnosum
1430 2772 1700 2828 (rostellum)
1740 2784 1838 2826 pro-

128 2828 300 2878 ductus,
327 2831 482 2883 stigma
507 2831 674 2874 discum
701 2832 919 2874 viscosum
946 2832 987 2874 in
1012 2832 1318 2886 gymnostemii
1347 2832 1451 2874 facie
1475 2835 1729 2874 excavatum
1750 2831 1835 2873 sor-

131 2900 271 2935 mans.
287 2890 525 2932 lateraliter
549 2902 581 2932 s
585 2902 664 2944 epe
687 2891 891 2943 glandula
920 2891 1103 2946 simptici
1130 2891 1197 2934 vel
1214 2890 1375 2944 duplici
1394 2891 1510 2934 nuda
1536 2890 1601 2933 vel
1622 2891 1837 2945 plicatura

130 2945 395 3001 ‹bur-sicula)
424 2949 593 2992 inclusa
621 2950 897 2993 instruct.um
922 2949 1109 3005 Capsula
1133 2950 1258 2993 rimis
1283 2951 1420 2993 ternis
1446 2949 1843 3004 longitudInalibus

129 3006 370 3060 dehiscens,
396 3007 570 3052 Semina
595 3009 883 3052 scobisormia.
913 3010 1131 3052 Albumen
1160 3010 1345 3052 nultum.
