2062 3314
233 245 306 281 702
986 254 1212 283 comnenae,
1795 246 1932 284 Abies-2

294 330 336 370 2.
369 328 429 372 A.
454 326 750 383 Apollinis
777 328 908 384 (Link
936 330 1058 373 Linn.
1086 329 1178 381 XV,
1207 342 1248 383 p3
1277 329 1380 379 528)
1410 329 1579 372 excelsa
1617 332 1772 374 trunco
1802 344 1944 386 pyra«

233 387 380 430 mid-ali
405 387 494 429 fere
511 400 533 428 a
559 387 652 429 basi
674 400 846 432 ramoso
865 391 997 432 ramis
1024 387 1371 431 horizontalibus
1397 389 1701 441 superioribus
1722 391 1944 443 patentis-—

233 447 369 496 simis,
395 446 578 488 ramulis
605 448 832 500 oppositis‚
872 448 984 491 foliis
1011 446 1309 491 subdistichis-
1333 450 1374 489 et
1404 447 1667 500 oligostichis
1696 448 1942 492 linearibus-

234 505 522 560 planiusculis
558 505 696 548 acutis
720 518 855 560 supra
892 508 1107 550 viridibus
1146 505 1303 549 subtus
1338 506 1543 547 carinatis
1582 506 1931 558 albo-bilineatis,

232 564 418 607 amentis
436 564 642 605 masculis
657 565 1118 619 oblongo-cylindricis
1143 565 1194 606 ad
1209 564 1362 607 axillas
1380 565 1528 607 lateris
1548 565 1769 607 inferioris
1788 579 1943 609 rainu--

233 624 375 665 lorum
392 623 623 675 congestis,
635 623 844 667 faemineis
856 625 909 667 ad
934 626 1129 667 ramulos
1149 623 1403 676 superiores
1414 624 1621 665 solitariis
1637 625 1808 677 erectis,
1823 627 1935 667 stro-

230 682 332 725 bilis
381 682 506 735 longe
543 682 795 735 cylindricis
825 684 1009 735 obtusis,
1044 682 1240 737 squamis
1277 696 1301 725 a
1324 682 1417 724 basi
1457 685 1643 725 cuneata
1671 686 1714 726 et
1742 683 1940 737 stipitata:

236 741 480 783 rotundatis
516 743 772 784 transverse
808 743 1039 785 latioribus
1080 743 1209 784 dorso
1249 753 1406 784 versus
1430 741 1668 794 marginem
1706 742 1932 793 velutinis,

231 800 423 843 bracteis
450 800 656 854 stipitatis
687 800 807 855 apice
834 801 1095 856 spatliulatis
1124 801 1165 842 in
1194 799 1420 853 cuspidem
1445 800 1560 842 inter
1597 813 1802 855 squamas
1836 801 1936 843 bre-

233 859 348 901 viter
368 862 587 900 exsertam
613 859 829 901 reflexam*
849 859 1128 907 abeuntibus,
1172 858 1413 902 seminibus
1437 859 1503 901 ala
1526 862 1709 902 cuneata
1739 859 1945 902 subcom-

234 918 389 971 pressa
413 916 706 960 brevioribus.
741 943 791 949 —
820 919 878 960 Ic.
904 919 1086 961 Lawson
1107 918 1246 960 Pinet.
1276 917 1381 959 Brit.
1411 921 1508 971 part
1532 919 1582 960 5..

279 999 384 1034 Hab.
409 999 448 1034 in
479 999 640 1044 regione
667 999 879 1046 subalpina
911 1000 989 1035 fere
1025 1000 1202 1035 omnium
1230 999 1426 1034 montium
1453 999 1693 1045 Graecorum,
1723 1000 1943 1046 Taygetusr

233 1047 404 1091 Malevo,
425 1046 585 1090 Olenos,
607 1046 793 1083 Chelmos
812 1047 1012 1092 (Heldrl)‚
1032 1047 1180 1082 Parnes
1201 1047 1342 1081 Atticae
1371 1046 1508 1092 (Link,
1527 1047 1693 1093 Boiss!)‚
1712 1047 1942 1083 Parnassus

232 1093 383 1138 (Link),
404 1094 546 1137 Onion7
564 1093 763 1138 Citheron,
783 1094 951 1130 Helicon
973 1094 1144 1139 Baeottae,
1164 1093 1312 1139 Delphi
1334 1093 1490 1137 Eubeae,
1506 1094 1702 1141 Olympus
1718 1094 1934 1131 Thessalus

234 1140 376 1185 (Heldr
390 1142 431 1183 l),
456 1150 570 1175 mons
591 1141 715 1176 Athos
734 1141 977 1177 Macedoniae
993 1140 1227 1177 wod-520&
1246 1141 1360 1184 (Friv
1378 1142 1385 1175 !
1413 1141 1597 1187 Griseb.)

292 1207 335 1261 β.
377 1205 669 1248 Panachai'ca.
706 1231 758 1237 —
800 1207 949 1250 Heldr.
996 1206 1208 1249 Garienfl.
1252 1207 1373 1259 1861,
1412 1220 1452 1260 p.
1484 1207 1604 1261 286).
1642 1206 1758 1249 Folia
1799 1207 1941 1260 magis·

233 1266 358 1320 plana
388 1266 558 1318 longius
583 1267 845 1308 acuminata.
867 1265 1043 1309 Strobili
1071 1265 1244 1320 elliptici
1262 1277 1455 1318 superne
1477 1270 1520 1308 et
1541 1267 1710 1308 inferne
1741 1265 1941 1309 subatte-

233 1325 367 1368 nuati.
397 1324 563 1366 Forsan
587 1325 638 1366 A.
668 1325 964 1376 Cephalonicoe
990 1325 1124 1378 magis
1149 1324 1307 1366 affinis.

277 1396 381 1431 Hab.
403 1396 444 1430 in
465 1398 600 1430 monte
618 1395 896 1431 Panachaieon
921 1395 1084 1432 Achaize
1103 1405 1224 1441 supra
1245 1395 1384 1430 Patras
1405 1394 1591 1440 (Heldrt).

287 1483 326 1523 y.
355 1462 530 1515 Reyinoe
558 1462 750 1504 Amale'oe.
777 1487 830 1496 --
859 1462 1014 1505 Forma
1042 1464 1183 1516 (parte
1211 1461 1383 1504 arboris
1417 1462 1647 1516 superiore
1673 1463 1937 1513 resecta)=ex

232 1523 364 1564 ramis
394 1522 649 1564 lateralibus
673 1526 715 1563 et
738 1535 789 1564 ex
814 1522 958 1571 trunci
987 1521 1184 1575 primarii
1213 1521 1304 1563 basi
1334 1521 1530 1563 turiones
1566 1522 1608 1562 in
1633 1525 1812 1564 truncos
1836 1533 1942 1564 ver-

229 1582 380 1624 ticales
405 1580 689 1623 secundarios
724 1582 898 1623 demum
923 1584 1171 1624 crescentes
1197 1580 1348 1623 edens.
1376 1603 1436 1611 —
1461 1581 1506 1622 A.
1531 1580 1712 1633 Remum
1748 1580 1934 1622 Amabioe

230 1640 385 1683 Heldr.
410 1641 620 1686 Gartenss,
653 1640 777 1693 1860,
798 1653 839 1693 p.
869 1640 954 1682 300
977 1643 1019 1682 et
1048 1641 1175 1689 1861,
1205 1652 1244 1693 p.
1272 1640 1371 1682 986.

276 1716 379 1751 Hab.
410 1716 450 1751 in
480 1714 683 1750 montibus
712 1714 920 1760 Maenalus,
954 1715 1130 1760 Madara,
1162 1714 1433 1749 Thaumasion
1468 1717 1511 1751 et'
1538 1713 1720 1750 Rhoudia
1753 1714 1940 1750 Arcadiae·

227 1763 412 1799 centralis
434 1762 500 1798 alt.
516 1761 745 1805 eaeo-500&
767 1762 900 1806 (Held.
922 1761 1040 1797 Herb.
1059 1763 1193 1797 Norm.
1213 1761 1335 1806 6032).

274 1829 332 1864 Ex
360 1829 405 1864 cl.
428 1828 530 1863 Link
548 1830 585 1862 et
606 1827 819 1863 Heldreich
841 1828 891 1862 A.
914 1827 1111 1874 Apollinis
1128 1830 1188 1862 est
1210 1828 1360 1871 species
1381 1826 1578 1873 distincta,
1593 1837 1640 1862 ex
1659 1826 1710 1862 cl.
1735 1826 1940 1862 Parlatore·

231 1878 269 1912 et
290 1877 379 1911 aliis
402 1878 533 1910 autem
544 1875 798 1920 conjungitur
817 1885 904 1910 cum
921 1874 970 1910 Α.
983 1874 1347 1922 Cephalonz'eciquae
1358 1876 1416 1908 est
1434 1875 1513 1919 ipsi
1531 1874 1867 1909 nonnisivarietas
1885 1873 1934 1909 A..

226 1923 447 1970 peetz’natae.
462 1923 523 1957 Ex
543 1922 800 1968 dispositione
820 1922 987 1957 disticha
1005 1922 1192 1957 foliorum
1211 1923 1251 1957 in
1271 1921 1408 1967 planta
1425 1922 1530 1957 culta
1549 1921 1761 1957 observat-it
1779 1921 1939 1956 etbrac-

226 1974 380 2006 tearum
402 1970 554 2005 strobili
575 1969 701 2005 forma
716 1970 764 2004 A.
784 1969 982 2016 Apollinis
999 1970 1099 2004 mihi
1118 1970 1246 2015 magis
1274 1969 1403 2004 affinis
1418 1970 1576 2004 videtur
1604 1969 1652 2004 A.
1676 1968 1882 2016 pectinata&
1910 1978 1936 2003 as

227 2021 305 2065 qua
325 2018 430 2053 foliis
453 2017 578 2052 acutis
607 2016 827 2063 praesertim
850 2017 990 2052 differt.
1012 2016 1225 2062 Varietasy
1239 2017 1479 2063 proprietate
1495 2019 1655 2051 truncos
1675 2015 1938 2051 secundarios

225 2065 371 2100 edendi
389 2064 506 2099 valde
526 2063 740 2109 singularis
761 2067 829 2105 est,
844 2064 913 2099 sed
928 2074 999 2099 nec
1016 2063 1123 2099 foliis
1144 2074 1213 2099 nec
1234 2063 1411 2098 strobilis
1430 2063 1585 2099 differre
1598 2063 1765 2099 videtur.
1783 2062 1931 2098 Omnes

224 2112 365 2148 tormae
385 2112 529 2147 iterum
548 2112 588 2146 in
607 2111 706 2146 locis
729 2110 931 2147 natalibus
953 2110 1253 2157 investigandae.

295 2232 333 2273 3.
362 2230 426 2274 A.
455 2229 856 2286 Cephalonica
885 2229 1042 2285 (Loud.
1072 2229 1178 2272 Arb.
1214 2229 1323 2272 Bril.
1358 2229 1429 2282 IV,
1459 2229 1789 2284 2325)>excelsa
1811 2230 1933 2270 comat·

230 2290 494 2344 pyramidali
527 2290 662 2331 ramis
688 2290 1032 2332 liorizontalibus
1058 2289 1366 2342 superioribus
1391 2289 1724 2343 patentissimis,
1748 2287 1934 2330 ramulis

225 2350 457 2404 oppositis,
484 2349 597 2392 foliis
626 2350 699 2390 vix
728 2349 925 2392 distichis
960 2348 1199 2393 linearibus
1235 2348 1387 2400 rigidis
1421 2347 1930 2401 mucronato-pungenti-

224 2409 309 2451 bus
334 2410 471 2462 supra
500 2408 717 2450 viridibus
736 2408 893 2451 subtus
913 2407 1121 2450 carinatis
1137 2408 1221 2449 late
1244 2406 1795 2458 albo-bilineatis‚amentis
1817 2417 1935 2447 mas-

225 2468 336 2511 culis
361 2467 564 2520 plurimis
583 2467 779 2521 oblongis
801 2467 853 2510 ad
879 2467 1031 2509 axillas
1056 2465 1438 2508 laterisinserioris
1464 2466 1731 2508 ramulorum
1753 2475 1927 2516 conges-

223 2527 294 2577 tis,
338 2526 537 2569 femineis
589 2527 642 2568 ad
690 2526 883 2568 ramulos
943 2524 1198 2578 superiores
1246 2524 1453 2567 solitariis
1505 2525 1677 2572 erectis,
1735 2523 1932 2567 strobilis

223 2585 511 2638 cylindraceis
536 2585 720 2633 obtusis,
745 2584 939 2639 squamis
962 2597 984 2626 a
1001 2584 1297 2627 basi-cuneata
1323 2583 1768 2626 rotundato-dilatatis
1784 2585 1931 2625 trans--

223 2656 354 2686 verse
379 2645 610 2686 latioribus
639 2644 767 2687 dorso
796 2656 932 2699 prope
963 2643 1200 2695 marginem
1226 2642 1504 2692 tomentellis,
1534 2641 1709 2684 bractea
1736 2641 1931 2694 stipitata.

224 2703 457 2746 obcordata
481 2705 604 2757 apice
629 2703 895 2746 denticulata
927 2703 1044 2744 inter
1072 2702 1193 2744 lobos
1222 2702 1402 2755 cuspide
1434 2700 1557 2743 brevi
1585 2702 1753 2743 inclusa
1789 2700 1924 2749 aucta,

223 2763 465 2805 seminibus
492 2764 558 2805 ala
583 2764 766 2805 cuneata
792 2761 1078 2805 subtruncata
1109 2761 1384 2804 brevioribus
1421 2764 1474 2810 5..
1495 2759 1549 2801 Ic.
1580 2760 1799 2802 WOburn.
1830 2757 1929 2799 Pin.

229 2821 312 2863 tab.
337 2822 407 2863 4⁶2.

269 2894 370 2930 Hah.
406 2896 445 2930 in
480 2897 615 2929 monte
647 2893 1068 2939 AE'nos—Cephaloniae·
1089 2892 1411 2940 ubi32500'-5000'1
1450 2892 1653 2939 regionem
1688 2889 1929 2936 sylvatieaiu

222 2942 376 2978 format.
398 2942 551 2986 (Heldr.
572 2941 689 2976 Herb.
712 2941 844 2976 Norm.
862 2941 992 2985 8011).v

270 3006 433 3042 Arboris
455 3006 571 3041 cultae
593 3005 712 3041 facies
732 3003 1636 3051 ausonensi-amoruminferior-umpraesertim)
1670 3002 1795 3037 mulvo
1829 2999 1929 3046 rigi-⁶
