2089 3246
121 198 303 246 Scir-pus.
855 205 1104 233 CYPERACEAE
1753 204 1822 242 381

117 290 174 316 ex
191 277 238 315 cl.
257 277 407 314 Cosson
427 286 564 312 revera
583 276 722 312 teretes
743 277 835 312 sunt
853 279 890 312 et
902 279 994 313 nota
1012 288 1034 313 a
1050 288 1211 314 numero
1225 278 1453 324 stigmatum
1468 283 1505 316 et
1519 283 1668 318 nuculae
1687 284 1813 320 forma

120 325 414 373 depromptam
434 324 507 359 hac
524 324 654 370 specie
675 326 718 358 ut
736 323 778 358 in
798 323 977 370 pluribus
996 325 1233 371 Cyperaceis
1253 327 1458 363 variabilis
1482 330 1551 364 est.

172 391 234 427 Ar.
256 391 390 434 Geoqr.
425 388 581 434 Europa
608 387 738 423 media
767 387 808 423 in
845 387 988 428 Gallia,
1023 388 1218 434 Helvetia,
1259 390 1481 435 Germania,
1515 392 1640 437 Italia,
1670 394 1820 436 Scrinia,

121 435 530 522 Ἐὲξεὲηῗῑξῧέἓὲὶεὲὲ,
555 434 700 471 Sibiria
722 433 885 479 Anates,
911 434 1030 480 India,
1055 436 1189 472 Africa
1212 437 1362 473 boreali
1390 440 1538 485 tropica
1572 443 1608 475 et
1643 442 1821 486 australi,

186 568 227 608 7.
252 565 306 609 S.
333 564 661 608 inclinatus
689 564 802 616 (Del.
823 563 987 607 Illustr.
1012 564 1069 607 N⁰
1097 567 1164 617 51,
1183 566 1267 609 sub
1294 565 1511 620 [salapiae
1536 582 1588 611 ex
1618 569 1824 614 Ascbers.

122 627 168 669 in
187 624 293 680 titt.)
316 623 522 667 annuus?
546 623 690 666 radice
714 623 890 671 fibrosa‚
915 623 1026 666 soliis
1046 624 1306 668 radicalibus
1338 627 1587 670 lanceolatis
1615 628 1822 673 brevibus

120 687 207 730 cito
255 682 499 733 emarcidis,
542 682 696 724 culmis
740 683 940 736 pluribus
981 684 1141 726 crassis
1192 684 1356 727 striatis
1405 685 1654 738 cylindricis
1699 690 1824 732 elatis

124 743 317 788 medulla
343 741 514 784 isthmis
541 741 781 795 intercepta
804 741 950 784 farctis
988 742 1079 785 basi
1119 743 1284 795 vaginis
1322 745 1663 788 membranaceis
1691 749 1824 800 cylin-

119 803 255 847 dricis
288 800 600 845 obtusiusculis
621 800 788 851 obsitis,
810 801 996 843 anthelae
1020 801 1210 844 lateralis
1231 803 1362 845 ramis
1391 803 1513 846 valde
1537 804 1825 858 inzequalibus

119 862 218 904 aliis
242 860 451 903 brevibus
481 861 546 902 vel
571 859 789 902 subnullis
813 860 909 902 aliis
927 860 1152 913 elongatis,
1175 862 1303 903 culmi
1332 866 1375 904 et
1398 874 1618 905 ramorum
1642 865 1824 908 antlielae

123 919 418 976 processubus
438 917 646 962 brevibus
670 918 808 961 acutis
832 919 1226 974 subpungentibus‚
1245 921 1424 973 spiculis
1448 924 1824 978 glomerato-capi-

123 980 224 1023 tatis
240 977 483 1030 sessilibuS,
501 977 658 1031 glumis
677 977 867 1021 tenuiter
885 977 1226 1021 membranaceis
1250 979 1445 1033 oblongis
1467 980 1635 1023 obtusis
1656 994 1826 1025 mucro-

124 1039 285 1082 nulatis
303 1036 550 1081 subinflatis
563 1039 604 1078 et
619 1036 774 1079 obtuse
787 1037 990 1080 carinatis
1009 1037 1164 1090 pallide
1180 1037 1403 1089 brunneis,
1421 1040 1550 1081 dorso
1568 1040 1826 1092 virentibus,

119 1097 401 1152 stigmatibus
449 1095 607 1147 tribuS,
646 1096 805 1139 nucula
847 1098 975 1138 ovata
1022 1097 1237 1151 triquetra
1279 1098 1614 1151 subcompressa
1655 1100 1825 1143 laevius-

124 1157 223 1200 cula
271 1157 417 1210 opaca,
463 1155 568 1197 setis
609 1154 741 1198 nullis
775 1159 840 1206 Θ.
875 1154 939 1197 Sc.
977 1155 1220 1197 molinatas
1253 1156 1501 1201 Aschersun
1531 1162 1574 1201 et
1607 1158 1827 1202 Schwein-

124 1216 258 1259 furth.
281 1214 378 1258 Mss.
403 1238 462 1246 —
487 1213 531 1256 S.
555 1212 748 1266 proltfer
774 1214 987 1257 Bockeler
1022 1226 1075 1257 ex
1109 1214 1338 1258 Schweinf.
1369 1216 1516 1260 sched.
1557 1217 1705 1272 (ubii’)
1739 1230 1826 1261 non

127 1275 273 1318 Rottb.

173 1341 273 1377 Hah.
291 1342 331 1376 in
350 1340 553 1376 canalibus
574 1339 622 1375 ad
644 1340 862 1384 marginem
881 1339 1112 1376 orientalem
1135 1340 1298 1376 ditionis
1320 1341 1438 1377 Delta
1464 1342 1608 1389 Egypti
1626 1343 1826 1378 inferioris

154 1398 248 1436 rope
266 1388 418 1424 Hakiat
437 1387 474 1423 el
501 1387 693 1430 Gattauri,
713 1387 811 1423 Kafr
831 1387 1027 1432 Hauwau‚
1055 1388 1157 1424 Kom
1188 1398 1229 1423 es
1263 1387 1357 1424 Sam
1392 1389 1631 1433 (Schweinst
1661 1390 1824 1426 Sicken-

122 1401 264 1483 gerger
279 1437 319 1481 l),
340 1435 389 1471 ad
416 1434 600 1470 Salehieh
620 1433 754 1479 (Del.).
774 1434 834 1470 Fl.
852 1434 976 1470 Maio.

175 1499 307 1536 Culmi
326 1497 509 1534 herbacei
527 1498 641 1533 facile
658 1498 871 1543 compressi
895 1497 1143 1544 3-5-pedales
1164 1498 1313 1534 inferne
1336 1502 1465 1545 penna
1491 1501 1669 1535 amet-inat
1700 1500 1823 1546 duplo

120 1547 350 1591 crassiores,
371 1545 541 1581 anthelae
559 1545 658 1580 rami
683 1544 772 1580 5-12
790 1545 990 1580 interdum
1016 1555 1154 1581 omnes
1176 1545 1401 1581 brevissimi
1422 1550 1459 1582 et
1487 1550 1578 1582 tunc
1606 1548 1827 1593 glomcruli

125 1593 368 1641 spicularum
389 1591 626 1628 subsessiles
646 1591 708 1627 vel
725 1591 794 1627 2-5
812 1591 975 1638 pollices
993 1593 1113 1639 longi.
1135 1592 1306 1639 Spiculae
1324 1593 1347 1629 3
1371 1593 1498 1630 lineas
1519 1594 1658 1639 longae,
1680 1595 1824 1630 nucula

129 1642 245 1678 lineae
268 1641 311 1685 ²s³
339 1641 467 1686 longa,
488 1639 621 1675 Facies
641 1637 679 1675 S.
710 1638 903 1675 monstris.
925 1639 1025 1675 Toto
1055 1639 1151 1675 caelo
1178 1639 1306 1675 differt
1331 1651 1353 1675 a
1374 1640 1435 1676 Se.
1468 1641 1658 1688 prolz'fcro
1691 1642 1822 1677 Rottb.

123 1689 257 1727 Descr.
275 1688 327 1723 N⁰
346 1688 411 1724 74:
426 1686 504 1722 tab.
523 1686 578 1731 17,
596 1686 657 1732 fig.
677 1686 711 1721 2.
734 1687 903 1733 Capensi
923 1690 960 1722 et
978 1687 1289 1723 Neohollandieo
1322 1698 1391 1733 pro
1432 1698 1510 1734 quo
1549 1689 1708 1725 habitus
1739 1689 1827 1728 suit.

126 1737 262 1783 planta
287 1734 432 1771 humili
449 1733 588 1770 culmis
610 1733 768 1780 pusillis
785 1733 983 1780 tenuibus,
1000 1735 1164 1781 spiculis
1190 1734 1622 1782 lanceolato-ellipticiS,
1655 1736 1827 1772 bracteis

128 1783 323 1828 nervosis,
346 1786 415 1818 etc.

187 1867 229 1908 8.
259 1864 310 1908 S.
339 1863 698 1908 articulatus
727 1862 794 1909 ‹L‚
820 1862 892 1917 Sp.
917 1863 953 1914 Ι,
982 1863 1058 1918 70)
1083 1876 1272 1916 annuuS,
1295 1865 1438 1907 radice
1465 1864 1644 1916 librosa‚
1670 1865 1826 1908 culmis

125 1924 339 1969 teretibus
366 1923 527 1967 crassis
564 1922 775 1965 fistulosis
815 1926 1071 1966 transverse
1098 1923 1196 1977 plus
1221 1923 1367 1966 minus
1396 1924 1621 1966 manifeste
1644 1926 1828 1977 septatis

128 1983 287 2028 erectis
318 1983 488 2026 inferne
520 1982 734 2036 vaginatis
770 1981 939 2035 vaginis
972 1981 1261 2036 subaphyllis,
1290 1983 1468 2036 spiculis
1510 1983 1675 2026 crebris
1711 1995 1828 2026 cras—

125 2042 333 2086 siusculis
373 2042 721 2096 ovato-oblongis
763 2040 994 2084 sessilibus
1026 2043 1068 2084 in
1107 2042 1344 2095 capitulum
1377 2042 1600 2096 globosum
1649 2042 1827 2085 laterale

127 2102 262 2145 dense
286 2101 635 2154 conglomeratis,
658 2101 789 2143 culmi
816 2111 1021 2154 processu
1054 2105 1200 2144 erecto
1227 2112 1374 2144 crasso
1402 2102 1544 2143 culmo
1571 2101 1665 2154 ipso
1691 2102 1828 2144 multo

125 2160 331 2214 longiore,
356 2160 515 2213 glumis
557 2160 639 2202 late
674 2160 812 2202 ovatis
841 2160 1127 2203 acutiusculis
1165 2160 1476 2203 mucronulatis
1512 2160 1641 2201 dorso
1669 2161 1827 2202 subca-

128 2221 284 2263 rinatis
311 2219 680 2273 longitudinaliter
715 2218 893 2267 striatis,
917 2219 1192 2272 stigmatibus
1229 2219 1385 2269 tribus,
1405 2220 1563 2261 nucula
1595 2219 1831 2272 ovato-glo-

122 2277 233 2322 bosa
251 2282 375 2322 acute
397 2279 611 2331 triquetra
632 2278 845 2332 apiculata
871 2278 953 2320 sub
974 2279 1088 2320 lente
1111 2278 1303 2321 obsolete
1327 2279 1577 2332 punctulata
1605 2279 1696 2320 laevi
1722 2279 1828 2320 setis

129 2338 260 2381 nullis
290 2343 359 2390 Ε).
384 2336 567 2389 Ιεοιερὶε
589 2337 829 2379 articulata
851 2337 944 2379 etl.
961 2337 1234 2391 praelonyata
1259 2337 1372 2380 Nees
1394 2361 1447 2366 —
1466 2337 1498 2378 I.
1527 2336 1827 2388 Seneaalensis

126 2397 299 2441 Hochst,
336 2420 392 2429 —
425 2397 480 2439 Ic·
523 2396 686 2440 Rheed.
722 2396 872 2439 Malab.
900 2395 931 2444 Ι,
976 2396 1062 2439 tab.
1103 2398 1168 2438 71.
1209 2420 1257 2426 —
1301 2395 1366 2439 Sc.
1405 2395 1631 2451 fistulosus
1675 2396 1825 2439 Forsk.

129 2455 278 2500 Descr.
308 2469 358 2511 p.
386 2459 438 2499 14

174 2529 274 2567 Hah.
296 2531 337 2567 in
355 2530 518 2577 limosis,
538 2530 717 2577 Egyptus
732 2530 801 2574 (ex
819 2528 1044 2574 Forskahl).
1065 2528 1206 2565 Planta
1226 2529 1376 2574 tropica
1396 2529 1465 2563 vix
1485 2528 1644 2564 ditionis
1665 2531 1824 2562 nostim.

176 2593 304 2630 culmi
327 2595 431 2630 infra
450 2593 667 2641 capitulum
691 2593 758 2629 2-3
787 2593 965 2640 pollices,
992 2603 1112 2639 supra
1148 2592 1368 2638 capitulum
1402 2591 1542 2639 pedem
1570 2601 1674 2637 saepe
1710 2591 1830 2637 longi,

121 2641 343 2688 capitulum
363 2640 876 2686 10-20-stachyumtande1n
900 2650 1039 2676 nucem
1065 2650 1244 2687 aequans.

171 2697 232 2734 Ar.
251 2698 384 2743 Gooqr.
412 2697 556 2743 Nubta,
574 2697 801 2743 Abyssinia‚
819 2696 1039 2744 Senegalia,
1069 2696 1193 2742 India,
1221 2696 1335 2733 Nova
1355 2696 1580 2732 Hollandia.

186 2780 228 2822 9.
256 2779 341 2824 Sc.
366 2779 801 2824 Holoschaenus
840 2779 905 2835 (L.
931 2779 1004 2834 Sp.
1035 2779 1109 2831 72)
1140 2781 1376 2823 rhizomate
1416 2780 1608 2822 seriatim
1644 2784 1686 2822 et
1717 2780 1832 2821 hori-

130 2840 355 2882 zontaliter
391 2843 587 2894 repente,
613 2840 768 2883 culmis
801 2839 1032 2893 cespitosis
1073 2840 1286 2882 teretibus
1322 2839 1488 2882 striatis
1514 2839 1683 2880 inferne
1713 2839 1831 2891 vagi-

132 2898 243 2941 natis
269 2899 435 2954 vaginis
463 2899 505 2941 in
539 2899 686 2942 folium
716 2899 879 2943 lineare
918 2898 1511 2941 semitereti-canaliculatum
1547 2897 1733 2951 rigidum
1763 2898 1829 2939 vel

130 2957 291 3012 saepius
331 2959 375 3002 in
412 2958 612 3001 laminam
648 2957 824 3001 brevem
859 2957 1140 3011 abeuntibus,
1182 2957 1361 3012 spiculis
1404 2958 1542 3001 ovatis
1581 2956 1750 2999 obtusis
1789 2957 1834 2997 in
