2062 3314
216 255 287 292 142
967 256 1172 284 IRIDACEAE
1694 245 1917 284 Gladiolus,

218 336 442 391 elongatiS,
466 333 585 377 foliis·
611 335 793 385 anguste
829 331 1068 374 linearibus
1101 329 1357 373 acuminatis
1398 328 1729 384 aequidistanter
1765 331 1790 372 6
1817 341 1919 372 ner-

219 397 317 448 viis,
358 394 477 448 spica
509 392 632 435 brevi
660 390 852 434 secunda
878 389 1103 433 confertim
1128 389 1344 443 5-7-flora,
1376 388 1540 442 spathae
1566 388 1705 432 valvis
1729 392 1914 443 anguste

221 453 468 498 lanceolatis
524 450 780 493 acuminatis
826 448 1115 503 inaequalibus
1158 447 1440 490 inferioribus
1482 448 1587 490 tubo
1629 447 1914 502 longioribus,

221 512 434 568 perigonii
458 509 733 553 atroviolacei
759 507 862 550 tubo
884 507 1009 550 valde
1041 511 1235 559 curvato,
1259 506 1378 548 limbi
1411 506 1692 549 horizontalis
1733 507 1799 549 vel
1819 517 1914 548 cer·

221 573 298 616 nui
322 571 489 620 laciniis
514 568 696 611 obovato
717 566 783 609 vel
807 565 1266 620 oblongo-spathulatis
1288 566 1332 607 in
1362 576 1530 619 ungues
1559 565 1717 608 lamina
1743 564 1918 608 brevio·

220 643 294 674 res
315 628 551 674 attenuatis
581 626 832 669 lateralibus
858 624 960 667 lobii
988 624 1231 678 superioris
1253 627 1296 666 et
1327 635 1443 677 saepe
1465 623 1661 667 inferiori
1683 624 1785 667 labii
1806 624 1914 666 inse-

223 690 353 733 rioris
386 686 675 733 brevioribus,
702 684 896 727 antheris
930 683 1146 725 filamento
1181 682 1436 738 aequilongis
1472 683 1539 724 vel
1566 682 1923 736 sublongioribus

223 749 345 803 apice
373 747 418 789 in
456 756 705 788 mucronem
731 743 1047 785 subincurvum
1075 742 1327 794 attenuatis,
1354 742 1627 795 stigmatibus
1650 743 1705 784 ad
1731 741 1923 789 medium

226 818 366 861 usque
403 803 639 847 linearibus
688 802 786 845 dein
834 802 876 843 in
923 801 1125 844 laminam
1162 801 1452 854 spathulatam
1489 800 1693 854 dilatatis,
1739 802 1917 854 capsula

224 866 408 917 oblonga
447 865 596 905 retusa
638 862 817 904 trisulca
855 860 1063 913 torulosa‚
1101 859 1342 902 seminibus
1381 858 1821 913 globoso-turbinatis
1850 860 1920 901 vel

230 922 541 980 pyrisormibus
573 920 748 974 apteris·
781 927 836 969 26.
866 919 914 962 G.
961 919 1195 971 Aleppz'cns
1231 918 1357 961 Boiss
1395 918 1490 961 eod.
1521 919 1597 962 loc.
1623 931 1664 974 p.
1690 920 1758 961 13.
1785 941 1841 950 —
1865 917 1916 960 G.

221 986 411 1037 petraetts
438 981 578 1024 Boiss.
604 983 646 1021 et
667 979 781 1022 Huet
804 978 907 1021 Mss.

274 1055 374 1091 Hab.
402 1055 442 1089 in
471 1052 660 1099 lapidosis
692 1054 728 1087 et
758 1061 915 1097 quoque
945 1051 1044 1087 inter
1076 1053 1239 1096 segetes,
1273 1050 1474 1086 Palestina
1515 1050 1564 1086 ad
1605 1051 1929 1097 Hierosolymam

228 1103 352 1148 (Roth
371 1101 476 1145 2981)
497 1100 545 1135 ad
562 1099 766 1134 Bethleem
783 1098 954 1144 (Barbey
972 1100 1010 1143 l),
1031 1098 1149 1143 Syria
1168 1097 1270 1133 eirca
1289 1098 1533 1133 Damascum
1554 1100 1592 1133 et
1613 1099 1663 1134 ad
1677 1099 1725 1135 El
1735 1099 1930 1134 Keneissa.

226 1149 449 1186 Antilibani
468 1147 591 1190 (Gaill
609 1148 649 1191 l),
667 1147 768 1181 circa
788 1146 940 1192 Aleppo
959 1146 1051 1190 (ΚΥ.
1073 1145 1166 1190 861)
1197 1148 1233 1180 et
1262 1145 1361 1180 inter
1396 1147 1548 1191 segetes
1581 1146 1631 1181 ad
1658 1145 1817 1191 Aintab,
1844 1146 1926 1182 Ma·

228 1196 355 1242 rasch,
375 1196 530 1241 Karput
546 1196 583 1229 et
610 1194 649 1228 in
679 1193 962 1238 Mesopotaniae
994 1193 1147 1227 deserto
1176 1192 1280 1226 Dara
1311 1195 1428 1238 atque
1462 1192 1563 1227 circa
1596 1193 1735 1239 Terek,
1772 1193 1929 1229 Mardin

228 1242 412 1288 (Haussk
431 1244 471 1287 l),
485 1242 524 1276 in
539 1241 704 1287 petrosis
721 1241 918 1274 Armeniae
936 1239 1108 1274 Turcicae
1124 1239 1174 1273 ad
1188 1238 1391 1274 Kassuklu
1405 1238 1529 1283 (Huet
1543 1241 1580 1284 l),
1593 1240 1728 1276 Persia
1744 1240 1784 1275 in
1796 1243 1930 1276 monte

228 1290 410 1327 Ssahend
423 1299 535 1335 prov.
551 1287 791 1332 Aderbidjau
809 1296 929 1333 prope
942 1286 1051 1322 Shah
1065 1286 1168 1322 Iordi
1184 1285 1334 1330 (Buhse
1347 1288 1385 1332 l),
1397 1296 1519 1333 prope
1541 1287 1722 1323 Teheran
1733 1287 1825 1333 (Ky.
1837 1287 1934 1332 281),

229 1347 348 1385 prope
367 1336 537 1383 Ispahan
557 1335 697 1379 (Auch.
712 1333 807 1369 5352
821 1336 861 1379 l).

276 1403 400 1449 Copia
417 1400 678 1447 speciniiuum
698 1409 747 1434 ex
766 1399 889 1434 variis
910 1398 1007 1434 locis
1027 1402 1129 1433 notre
1151 1397 1429 1433 differentiales
1449 1398 1550 1434 inter
1572 1400 1724 1446 species
1742 1399 1805 1435 hic
1837 1409 1930 1435 enu-

232 1454 402 1486 meratas
421 1449 713 1484 evanescerunt.
734 1446 893 1481 Pedalis
914 1446 975 1481 vel
995 1444 1294 1504 sesquipedaliS,
1315 1445 1410 1480 folia
1429 1445 1448 1480 1
1464 1445 1554 1490 ¹l2-3
1572 1446 1698 1483 lineas
1717 1447 1810 1489 lata,
1822 1447 1934 1493 spica.

231 1498 407 1533 conferta
425 1498 463 1530 et
482 1495 731 1541 perigoniuni
750 1493 867 1528 valde
885 1495 1091 1528 curvatum
1114 1494 1160 1529 (r.
1179 1491 1375 1528 embricam
1393 1503 1415 1528 a
1449 1503 1528 1540 quo
1568 1496 1724 1530 caeteris
1743 1493 1932 1540 neglectis

233 1545 417 1581 foliorum
440 1542 670 1578 nervatione
688 1542 821 1576 statim
843 1540 1094 1586 dignoscitur.

291 1639 330 1680 8.
360 1637 420 1680 G.
457 1635 737 1679 Persicus
765 1634 924 1689 (Boiss.
964 1633 1116 1686 Diagu.
1155 1632 1248 1675 Ser.
1277 1632 1311 1686 I,
1340 1646 1379 1687 p.
1419 1633 1521 1689 102)
1547 1634 1794 1678 tunicarum
1820 1635 1936 1678 radi-

233 1697 390 1739 calium
453 1695 573 1738 fibi-is
622 1694 841 1750 parallelis
880 1693 1014 1735 dense
1052 1693 1223 1747 stipatis
1271 1693 1463 1746 superne
1505 1694 1935 1737 anastomosantibus

233 1756 390 1798 areolis
431 1754 772 1807 angustissimis,
807 1752 921 1795 foliis
960 1756 1144 1805 anguste
1192 1752 1430 1794 linearibus
1469 1753 1801 1808 aequidistanter
1839 1755 1936 1796 6-8-

237 1815 413 1866 perviis,
453 1813 573 1855 caule
612 1812 761 1867 gracili
800 1812 898 1854 folia
933 1823 1017 1852 non
1057 1814 1308 1864 superante,
1336 1811 1451 1864 spica
1489 1811 1672 1855 disticha
1697 1812 1936 1856 5·lO-ssora

238 1876 347 1925 laxa,
392 1873 556 1927 spatliae
595 1872 736 1914 valvis
775 1870 1184 1923 oblongo-ellipticis
1229 1869 1543 1913 obtusiusculis
1588 1871 1937 1915 membranaceo-

236 1933 498 1986 marginatis,
549 1930 759 1985 perigonii
807 1931 922 1972 rosei
968 1929 1071 1971 tubo
1119 1933 1234 1972 recto
1281 1929 1446 1972 laciniis
1482 1930 1938 1984 oblongo-lanceolatis

235 1991 518 2034 acutiusculis
543 1991 774 2044 superiore
799 1988 1092 2039 sublongiore,
1110 1989 1341 2030 [ilamentis
1361 1989 1544 2031 anthera
1568 1990 1937 2044 sublongioribus,

236 2050 511 2104 stigmatibus
534 2063 557 2091 a
581 2050 674 2091 basi
698 2049 749 2091 ad
779 2049 970 2091 medium
998 2047 1236 2090 linearibus
1267 2048 1364 2089 dein
1394 2048 1600 2101 dilatatis,
1624 2050 1847 2103 capsula...
1879 2057 1935 2099 26.

282 2125 383 2160 Hah.
404 2125 442 2159 in
466 2125 598 2160 Persia
623 2124 787 2159 australi
817 2132 937 2169 prope
970 2121 1197 2168 Persepolin
1230 2121 1324 2167 (ΚΥ.
1356 2122 1448 2158 260!
1479 2125 1522 2158 et
1556 2123 1627 2159 858
1649 2125 1690 2170 l),
1715 2123 1865 2160 boreali
1887 2124 1939 2160 ad

238 2171 467 2218 seidkhodji
487 2172 627 2216 (Auch.
646 2172 738 2207 5351
757 2173 795 2216 l).

282 2237 483 2273 Foliorum
507 2237 737 2272 nervatione
760 2235 889 2270 affinis
914 2233 958 2270 G.
978 2233 1241 2270 atr-ociolaceo
1268 2245 1290 2269 a
1312 2244 1390 2280 quo
1423 2235 1600 2280 specifice
1619 2235 1756 2272 differe
1775 2236 1933 2272 videtur

240 2285 349 2331 spicit
367 2285 460 2319 laxa
488 2285 666 2321 disticha,
688 2283 883 2330 perigenii
917 2282 1140 2317 rectiusculi
1158 2292 1229 2316 nec
1250 2281 1365 2317 valde
1385 2282 1544 2318 incurvi
1564 2283 1719 2318 lnciniis
1743 2285 1942 2331 angustio-

239 2332 356 2367 ribus.
378 2332 514 2367 Flores
533 2333 631 2367 rosei
656 2342 725 2366 nec
747 2329 1036 2377 atropurpurei.

297 2426 335 2466 9.
354 2424 415 2468 G.
435 2423 782 2479 halophilus
801 2425 959 2478 (Boiss.
978 2427 1020 2465 et
1037 2422 1185 2465 Heldr.
1208 2422 1361 2476 Diagn.
1378 2422 1471 2466 Ser.
1496 2423 1529 2475 I,
1563 2424 1631 2475 13,
1658 2437 1698 2479 p.
1730 2424 1800 2480 14)
1824 2425 1939 2467 tuni-

238 2495 387 2526 carum
423 2484 676 2526 radicalium
721 2483 842 2526 tibris
875 2483 1036 2525 crassis
1079 2484 1167 2525 tota
1207 2482 1477 2536 longitudine
1514 2484 1942 2527 anastomosantibus

239 2543 397 2585 areolis
440 2542 861 2596 oblongo-ellipticis,
906 2542 1016 2584 foliis
1062 2545 1246 2594 anguste
1285 2542 1523 2585 linearibus
1563 2543 1940 2596 glaucescentibus

243 2602 391 2655 rigidis
432 2602 764 2655 aequidistanter
802 2600 1060 2644 4-6-nei·viis
1094 2601 1289 2643 incurvis
1324 2602 1446 2644 caule
1472 2603 1620 2654 gracili
1643 2602 1937 2653 brevioribus,

241 2662 359 2714 spica
393 2661 635 2703 laxiuscula
670 2660 790 2704 brevi
830 2661 1026 2703 flexuosa
1064 2660 1291 2708 ⁶2·5-ssora‚
1320 2661 1486 2714 spathae
1518 2661 1657 2703 valvis
1693 2661 1943 2704 lanceolatis

243 2720 438 2773 margine
466 2723 508 2762 et
533 2720 652 2773 apice
679 2720 1017 2762 membranaceis
1047 2719 1255 2773 perigonii
1280 2719 1382 2761 tubo
1416 2721 1489 2762 vix
1514 2720 1796 2774 longioribus,
1827 2720 1942 2774 peri-

242 2779 357 2831 gonii
391 2779 503 2821 rosei
539 2779 641 2821 tubo
670 2779 851 2821 incurvo
877 2778 1130 2833 laciniisque
1158 2777 1352 2820 obovatis
1373 2779 1542 2822 obtusis
1570 2779 1822 2822 lateralibus
1847 2779 1943 2821 bre-

243 2837 451 2887 vioribuS,
477 2838 671 2879 anthei-is
694 2838 913 2880 filainento
937 2837 1312 2887 subbrevioribus,
1329 2838 1603 2892 stigmatibus
1620 2850 1643 2880 a
1666 2838 1759 2881 basi
1779 2838 1942 2881 sensim

245 2897 433 2938 dilatatis
459 2896 779 2946 oblanceolatis,
801 2897 1038 2950 capsula...
1069 2902 1127 2944 aa.

254 3018 263 3050 Ι
292 2970 390 3023 Hah.
414 2971 454 3005 in
473 2969 586 3006 salsis
607 2970 747 3016 hyeme
774 2970 977 3006 inundatis
1013 2968 1193 3016 planitiei
1225 2969 1380 3006 Koniah
1414 2971 1623 3019 Lycaoniae
1656 2970 1853 3015 (Heldr2).
1886 2970 1941 3006 Fl.

244 3042 250 3048 .
270 3027 375 3053 unio.

2055 302 2061 317 .-
2056 289 2059 294 -
2055 269 2062 282 ‹-
2051 0 2062 256 «νη-,πω
