2089 3246
99 216 322 256 Gladiolus.
851 224 1055 251 mmmm:
1742 211 1814 248 139

191 365 268 407 Ta.
296 363 371 406 111.
397 361 758 406 GLADIOLEAE.
788 386 844 391 —
876 361 1153 414 Perigonium
1187 358 1431 412 irregulare
1455 355 1715 401 staminibus

665 420 1001 464 unitateralibus
1030 419 1236 462 arcuatis.

632 547 916 599 ammonis
950 548 1011 611 (ι.
1044 549 1146 597 cen.
1188 547 1277 609 57).

164 677 441 731 Perigonium
465 675 724 719 corollinum
753 674 996 728 irregulare
1022 673 1125 716 tubo
1151 672 1271 716 brevi
1309 671 1473 715 laciniis
1497 682 1574 713 sex
1613 669 1809 712 subbila-

99 737 240 780 biatis.
268 736 460 779 Stamina
481 736 504 777 3
529 735 580 776 ad
600 735 764 788 apicem
794 734 886 776 tubi
910 734 1075 776 inserta
1095 732 1372 775 ascendentia
1406 731 1588 783 inclusa,
1618 729 1811 772 antherae

104 797 291 839 lineares
317 795 447 851 paulo
480 807 614 848 supra
646 793 768 836 basin
810 792 986 834 bifidam
1019 792 1149 834 dorso
1174 791 1313 834 affixae
1338 795 1567 834 extrorsae.
1599 788 1808 831 Ovarium

103 856 288 899 inferum
331 854 579 896 triloculare
624 852 775 895 loculis
808 852 1129 907 pluriovulatis,
1165 851 1309 904 stylus
1343 850 1575 901 liliformis,
1608 848 1809 900 stigmata

100 915 184 957 tria
207 927 230 956 a
258 915 349 957 basi
377 912 565 956 filiformi
589 911 1052 966 spathulato-dilatata.
1079 909 1266 964 Capsula
1301 909 1630 951 membranacea
1666 905 1812 950 loculi-

100 974 195 1016 cide
230 973 444 1024 trivalvi8‚
482 971 648 1015 semina
681 971 749 1013 vel
787 982 1038 1025 compressa
1072 970 1183 1012 alata
1208 970 1273 1012 vel
1305 972 1454 1022 aptera
1491 966 1816 1021 globoso-pyri-

101 1033 255 1075 sormia
297 1032 502 1075 deorsum
551 1031 773 1084 producta.
812 1052 870 1061 —
911 1029 1068 1072 Ilerbie
1106 1029 1318 1079 bulbosae‚
1354 1027 1537 1070 floribus
1577 1027 1618 1068 in
1660 1024 1815 1079 spatha

103 1092 292 1146 dipliylla
326 1090 532 1134 solitariis
563 1090 606 1131 in
638 1090 798 1143 spicam
828 1089 1054 1131 disticliam
1080 1089 1148 1130 vel
1181 1087 1417 1130 secundam
1443 1086 1682 1140 dispositis.
1709 1083 1814 1138 Spe-

101 1151 189 1193 cies
222 1150 544 1193 characteribus
582 1162 666 1191 non
703 1152 769 1191 sat
798 1148 936 1190 sirmis
975 1147 1197 1190 interdum
1225 1147 1439 1189 distinctae
1464 1148 1507 1187 et
1530 1144 1767 1199 specimina
1796 1154 1819 1184 e

105 1211 215 1254 sicco
246 1209 468 1252 interdum
496 1221 582 1251 non
609 1209 691 1251 rite
721 1207 1069 1250 determinanda.

107 1331 126 1348 *
158 1331 445 1377 lnaequinervii.
478 1350 524 1355 —
549 1329 757 1365 Foliorum
787 1330 898 1364 nervi
929 1329 1149 1374 paucioreS,
1183 1327 1444 1364 intermedius
1473 1326 1622 1362 caeteris
1649 1324 1820 1360 crassior

218 1379 257 1414 in
279 1380 389 1425 parte
410 1377 586 1413 inferiori
606 1377 691 1413 folii
711 1376 843 1412 subita
869 1376 1084 1412 inflexione
1105 1376 1152 1411 ad
1172 1375 1276 1411 latus
1295 1375 1464 1410 interius
1487 1374 1569 1410 folii
1588 1372 1726 1408 flexus.

512 1480 554 1522 -l-
583 1476 746 1513 Semina
764 1476 1186 1523 globoso-pyriformia
1207 1486 1285 1512 non
1306 1475 1423 1511 alata.

168 1582 206 1622 1.
234 1582 297 1623 G.
336 1581 610 1634 segetum
642 1576 779 1619 Gawl.
829 1576 924 1619 Bot.
973 1576 1077 1631 Mag.
1123 1577 1208 1619 tab.
1248 1575 1354 1630 719)
1391 1575 1534 1629 (tibris
1572 1574 1823 1617 tunicarum

106 1639 361 1682 radicalium
391 1638 609 1692 parallelis
631 1637 937 1679 validiusculis
969 1648 1164 1689 superne
1200 1634 1630 1678 anastomosanlibus
1659 1634 1819 1676 areolis

104 1698 322 1750 oblongis,
351 1698 509 1740 florum
545 1697 664 1750 spica
695 1697 787 1739 laxa
813 1695 1097 1738 subtlexuoszi
1125 1695 1311 1738 disticha
1338 1693 1691 1743 subunilaterali‚
1727 1705 1826 1746 spa·

108 1758 191 1799 tliae
219 1757 358 1799 valvis
382 1754 631 1799 lanceolatis
656 1755 782 1797 valde
806 1755 1096 1809 imequalibus
1129 1755 1338 1797 inferiore
1366 1754 1407 1795 in
1433 1752 1617 1796 floribus
1648 1752 1824 1794 inferio-

109 1817 233 1860 ribus
261 1815 534 1870 perigonium
553 1826 668 1869 scepe
691 1819 906 1868 aequante‚
936 1814 1146 1867 perigonii
1179 1813 1282 1856 tubo
1311 1813 1434 1856 brevi
1459 1823 1614 1866 parum
1641 1811 1825 1854 incurvo

111 1877 262 1918 lacinia
305 1875 535 1929 superiore
577 1874 769 1927 longiore
803 1878 845 1916 et
884 1874 1034 1915 latiore
1055 1870 1092 1915 ‘a
1122 1873 1378 1916 lateralibus
1410 1872 1602 1924 recessa,
1628 1871 1824 1913 authoris

109 1935 328 1977 filamento
368 1933 741 1988 sublongioribus‚
780 1933 1058 1985 stigmatibus
1103 1946 1125 1975 a
1166 1933 1259 1976 basi
1302 1932 1356 1974 ad
1395 1931 1588 1973 medium
1630 1931 1827 1983 angustis

113 1994 275 2037 sensim
301 1994 341 2036 in
367 1994 567 2035 laminam
590 1993 818 2047 oblongam
856 1992 1060 2044 dilatatis,
1084 1992 1263 2046 capsula
1297 1989 1683 2044 globoso-obovala
1708 1989 1827 2043 apice

112 2054 327 2107 impressa
356 2052 537 2095 trisulca
560 2051 712 2094 obtuse
748 2052 931 2105 trigona,
957 2051 1200 2094 seminibus
1225 2049 1666 2102 globoso-turbinatis
1700 2049 1825 2091 deor-

116 2125 210 2155 sum
242 2112 467 2166 productis
496 2124 580 2154 non
605 2112 729 2153 alatis
766 2117 803 2157 26
823 2145 831 2159 ,
852 2111 984 2153 Relib.
1005 2109 1155 2152 Germ.
1181 2110 1250 2164 sig.
1273 2108 1449 2153 731.·G.
1476 2107 1658 2150 Ilale'cus
1685 2106 1826 2150 Gaud.

118 2171 239 2214 Helv.
268 2171 300 2220 Ι,
324 2185 362 2225 p.
388 2172 458 2213 96.
481 2194 537 2203 —
561 2170 608 2214 G.
634 2169 868 2213 Ludozrieoe
887 2168 1056 2212 Jan.-G.
1084 2169 1349 2212 Canease‘cas
1371 2168 1505 2210 Herb.
1532 2167 1623 2210 Bot.
1649 2166 1831 2215 XXVII,

117 2231 234 2274 Misc.
295 2232 349 2274 65
402 2243 455 2274 ex
490 2230 693 2284 descript.
751 2254 792 2260 —-
824 2229 858 2271 G
925 2229 1170 2271 communis
1213 2229 1272 2271 Fl.
1319 2227 1457 2271 GraeC.
1499 2227 1583 2268 tab.
1625 2227 1677 2268 37
1716 2240 1737 2268 a
1781 2227 1830 2269 cl.

116 2288 318 2333 Gussone
340 2290 392 2333 ad
418 2288 465 2331 G.
490 2288 672 2331 dabe'um
696 2301 825 2332 suum
854 2289 1019 2331 relatus
1043 2289 1143 2331 huic
1165 2292 1282 2331 certe
1302 2290 1486 2341 spectat.

168 2365 267 2401 Hab.
289 2367 328 2401 in
349 2366 465 2401 cultis
494 2366 594 2401 inter
612 2368 764 2410 segetes
795 2365 914 2399 totius
936 2364 1100 2400 ditionis
1116 2375 1138 2399 a
1156 2363 1329 2399 Graecia!
1351 2365 1388 2398 et
1408 2364 1491 2407 ojus
1516 2360 1674 2396 insulis!
1702 2360 1830 2396 Mace-

118 2413 238 2449 donia
256 2417 294 2449 et
311 2413 517 2458 Tliracial)
535 2412 582 2448 ad
605 2412 762 2457 Syriam
778 2411 1003 2447 interiorem
1023 2414 1061 2447 et
1079 2411 1315 2446 maritimam
1328 2412 1348 2454 ἔ,
1369 2410 1589 2455 AEgyptum
1609 2409 1834 2443 inferiorem

120 2471 240 2542 prope
257 2461 541 2515 'Alexandriam
563 2460 755 2513 (Letourn
773 2462 810 2503 l).
829 2459 1018 2494 Tauriani
1035 2462 1073 2494 et
1089 2469 1198 2512 prove.
1217 2458 1471 2493 (jaucasicasl
1504 2456 1677 2491 Pei-siam
1696 2455 1833 2490 borea-

140 2518 201 2543 em
218 2508 298 2554 (lxy
322 2508 430 2553 242&
448 2511 486 2544 et
508 2507 720 2544 australem
741 2511 843 2542 inter
862 2506 1034 2552 Ispahan
1049 2508 1087 2542 et
1106 2507 1264 2542 Schlraz
1283 2504 1462 2544 (Ilaussk
1475 2506 1515 2550 l).

168 2571 311 2607 Forma
347 2573 552 2618 perigonio
579 2572 756 2607 abortivo
780 2571 989 2608 diminuto.
1013 2569 1058 2607 G.
1079 2569 1253 2616 Guepim·
1277 2569 1389 2604 Koch
1410 2569 1451 2603 in
1472 2566 1590 2602 cultis
1617 2565 1666 2601 ad
1686 2565 1832 2601 Mai-tut

127 2629 245 2666 prope
269 2619 552 2655 Alexandriam
573 2619 638 2663 (cl.
664 2619 842 2664 Plantal‘)
863 2618 964 2653 lecta
984 2617 1071 2653 fuit.

135 2731 140 2737 ⁸
171 2685 235 2767 Ari
255 2685 392 2730 Geoqr.
422 2685 543 2729 Regio
566 2683 857 2720 mediterranea
889 2683 1010 2718 totius
1040 2682 1207 2728 Europae
1228 2682 1266 2716 et
1283 2680 1427 2716 Asi-icae
1448 2677 1631 2715 borealis.
1660 2677 1842 2713 Munera,

132 2741 219 2767 insu
239 2744 270 2766 ιν
285 2732 555 2767 Can-arienses.

642 2830 683 2871 -4-
716 2834 749 2866 ><
781 2826 941 2862 Semina
962 2835 1190 2872 compressa
1207 2825 1326 2860 alata.

188 2919 226 2961 2.
256 2917 320 2962 G.
355 2916 725 2972 Byzantinus
766 2916 864 2958 Mill.
898 2915 1006 2958 Dict.
1037 2914 1110 2957 111.
1139 2937 1194 2946 -
1220 2913 1315 2956 Bot.
1347 2913 1449 2966 Mag.
1481 2913 1563 2955 tab.
1593 2912 1696 2962 874)
1726 2909 1839 2952 tuui-

131 2987 281 3021 carum
309 2978 560 3020 radicalium
588 2976 710 3019 tibris
751 2975 958 3018 tenuibus
994 2973 1234 3028 parallelis,
1258 2974 1354 3016 solis
1391 2971 1506 3022 latis,
1533 2971 1656 3014 caule
1695 2969 1839 3012 valido
