2089 3246
114 240 257 278 Car-ex.
835 247 1088 275 CYPERACEAE
1747 245 1822 283 405

171 323 240 365 93.
264 320 319 365 C.
351 318 660 364 stellulata
685 318 895 371 <Gooden.
926 322 1082 365 Trans.
1108 321 1235 364 Linn.
1261 320 1355 365 Soc.
1381 322 1434 366 ΙΙ.
1464 336 1503 377 p.
1540 324 1637 380 144)
1673 329 1819 381 cespi-

109 385 218 434 tosa,
247 379 391 424 radice
414 379 590 427 fibrosa.
620 379 731 421 foliis
756 379 895 423 firmis
928 384 1111 434 anguste
1139 380 1378 424 linearibus
1401 383 1696 427 canaliculatis
1729 389 1821 429 cul-

111 452 204 484 mos
239 442 408 482 erectos
445 437 602 481 obtuse
637 438 834 492 trigorios
872 438 1251 494 subaequantibus‚
1286 440 1404 495 spica
1426 443 1660 496 composita
1697 444 1821 488 brevi

110 498 290 553 spiculis
317 498 393 540 3-4
415 510 572 552 parum
598 498 778 541 remotis
805 498 973 541 inferne
995 497 1199 541 masculis
1230 503 1471 553 constante,
1497 500 1681 546 bracteis
1718 504 1820 546 bre-

108 558 236 602 vibus
253 556 826 612 squamiformibus‚glumis
850 558 932 601 late
951 558 1090 601 ovatis
1103 559 1155 600 ad
1176 569 1360 601 nervum
1378 559 1622 604 vlrentibus
1639 561 1818 606 flavidis

109 617 179 661 vel
215 616 375 672 pallide
415 615 628 659 brunneis
668 616 814 659 fructu
839 617 1132 668 brevioribus,
1156 617 1431 670 stigmatibus
1460 619 1587 670 binis,
1617 621 1822 664 utriculis

108 676 311 720 stellatim
336 675 849 730 squamoso-patentibus
878 675 1234 730 plano-convexis
1266 678 1667 722 ovato-lanceolatis
1691 680 1814 723 obso-

110 736 192 779 lete
215 735 416 779 nervosis
434 735 476 776 in
499 737 691 777 rostrum
709 734 1031 789 longiusculum
1053 734 1234 777 bifidum
1259 737 1496 779 attenuatis
1517 738 1710 792 margine
1728 752 1820 782 sca-

110 794 200 838 bris
236 795 298 840 91.
325 792 378 836 Ic.
401 793 528 836 Schk.
561 793 646 836 tab.
670 791 716 835 C.
748 794 819 848 fig.
847 795 911 836 14.
941 817 999 825 -
1023 793 1157 837 Rcbb.
1187 792 1338 837 Germ.
1371 799 1401 838 t.
1431 797 1530 838 214.
1566 821 1618 826 —
1642 797 1681 840 C.
1708 797 1822 840 ccln'-

110 855 216 896 nata
237 853 374 896 Murr.
397 864 483 895 non
513 852 631 896 Desf.

156 926 259 963 Hah.
280 927 320 962 in
340 925 465 973 pratis
491 925 681 971 humidis,
706 926 894 962 Rumelia
920 927 1034 972 (Friv
1045 928 1088 973 l),
1109 926 1230 963 vallis
1252 927 1390 963 D'imil
1414 928 1532 964 Ponti
1559 928 1690 965 Lazici
1716 929 1823 965 6000‘

109 973 200 1020 (Bal
215 976 254 1019 l),
273 973 585 1010 Transcaucasia
604 972 656 1010 ad
679 973 857 1010 Suchum
878 973 978 1010 Kale
1000 974 1200 1020 (Nordm.)
1219 976 1256 1010 et
1315 974 1490 1011 enkoran
1514 975 1576 1019 (C.
1597 978 1642 1012 A.
1674 976 1814 1023 Mey.).

155 1041 220 1076 Ar.
243 1040 377 1085 Geogr.
401 1038 564 1086 Europa
583 1038 760 1075 borealis
787 1041 825 1075 et
843 1039 975 1076 media
995 1039 1046 1075 ad
1063 1039 1321 1085 Lusitaniam,
1344 1040 1582 1087 Hispaniam
1614 1041 1815 1078 borealem

107 1089 146 1124 et
171 1086 326 1122 Italiam
342 1085 553 1122 neutralem
571 1095 711 1133 usque,
733 1086 891 1133 Sibiria,
909 1087 1092 1123 America
1108 1086 1294 1124 borealis.

167 1183 236 1225 24.
279 1182 332 1226 C.
367 1180 643 1236 leporina
674 1181 737 1235 (L.
774 1181 848 1236 Sp.
884 1181 1017 1237 1381)
1051 1182 1281 1236 cespitosa,
1318 1182 1464 1224 radice
1494 1183 1673 1232 fibrosa‚
1709 1184 1822 1226 foliis

110 1241 250 1284 firmis
291 1241 519 1284 latiuscule
554 1240 796 1285 linearibus
834 1241 974 1295 planis
997 1241 1205 1284 carinatis
1233 1242 1507 1294 acuminatis,
1531 1242 1688 1285 culmis
1724 1244 1821 1285 folia

110 1300 422 1354 superantibus
462 1299 772 1344 crassiusculis
807 1300 967 1344 erectis
991 1301 1216 1355 angulosis
1244 1301 1473 1353 fistulosis,
1503 1301 1622 1355 spica
1650 1314 1828 1357 compo-

110 1361 190 1403 sita
226 1360 408 1414 spiculis
433 1359 509 1401 4-6
536 1359 718 1402 alternis
756 1360 1072 1414 approximatis
1103 1360 1299 1403 obovatis
1328 1360 1582 1414 majusculis
1609 1360 1821 1404 brunneis

108 1419 199 1462 basi
225 1419 432 1462 masculis
452 1422 694 1473 constante,
710 1418 887 1462 bractea
909 1419 1032 1462 brevi
1057 1419 1374 1474 squamiformi,
1391 1420 1552 1472 glumis
1573 1419 1826 1463 lanceolatis

109 1478 394 1521 acutiusculis
437 1477 572 1521 fulvis
619 1479 815 1532 margine
856 1477 1014 1521 albidis
1055 1479 1200 1522 fructu
1240 1478 1512 1534 aequilongis,
1546 1479 1826 1532 stigmatibus

108 1537 237 1592 binis,
250 1537 453 1580 utricuHs
473 1536 634 1580 erectis
663 1537 880 1580 viridibus
899 1538 1041 1581 ovatis
1055 1538 1414 1593 plano-convexis
1441 1538 1641 1581 nervosis
1662 1538 1705 1580 in
1730 1550 1823 1581 ros-

109 1600 228 1639 trum
251 1596 523 1641 bidentatum
552 1597 811 1639 acuminatis
831 1596 1027 1650 margine
1055 1597 1166 1640 alato
1194 1595 1592 1640 serrulato-scabro
1623 1596 1666 1638 iu
1691 1596 1823 1640 rostri

109 1656 273 1709 apicem
298 1658 561 1699 excurrente
582 1655 733 1699 cinctis
764 1657 824 1703 91.
853 1655 987 1698 Rchb.
1014 1654 1162 1700 Germ.
1188 1656 1274 1700 tab.
1303 1657 1341 1698 3.
1367 1679 1421 1688 —-
1448 1655 1487 1698 C.
1517 1654 1657 1698 ovalis
1680 1656 1819 1700 Good.

110 1713 265 1758 Trans.
299 1714 353 1768 ΙΙ,
374 1717 415 1770 p,
449 1715 547 1758 148.
572 1738 628 1746 -
654 1714 781 1758 Schk.
803 1714 887 1759 tab.
915 1715 963 1766 B,
991 1715 1060 1768 fig.
1083 1716 1122 1758 8.

156 1786 264 1823 Hah.
290 1788 332 1824 in
350 1788 473 1835 pratis
490 1772 672 1824 humidis
687 1788 910 1835 praesertim
933 1788 1091 1835 alpinis,
1110 1788 1267 1824 Graecia
1294 1789 1360 1833 (ex
1388 1788 1466 1824 Sm.
1498 1789 1665 1834 Prodr.)‚
1697 1789 1826 1826 Maee-

108 1833 237 1871 doniae
255 1835 377 1882 Alpes
393 1835 598 1881 (Griseb.),
617 1835 803 1871 Rumelia
821 1835 988 1881 (Frivl)‚
1020 1845 1136 1871 mons
1171 1836 1340 1871 Tmolus
1373 1836 1513 1881 Lydiae
1546 1837 1596 1872 ad
1632 1836 1822 1883 Bozdagh

66 1900 70 1905 ·
110 1881 297 1929 (Boissl),
330 1883 583 1929 Cappadocia
611 1882 655 1918 in
695 1886 828 1919 monte
865 1883 1009 1929 Argaeo
1039 1883 1180 1929 (Bau),
1219 1883 1368 1919 Pontus
1396 1884 1560 1919 Lazicus
1594 1883 1644 1920 ad
1680 1883 1825 1930 Djimil

107 1929 248 1977 (Ball),
264 1930 465 1966 Caucasus
484 1930 535 1966 ad
551 1929 775 1966 Kaischaur
793 1930 963 1976 (Hohl),
985 1931 1262 1976 Daghestania
1279 1930 1410 1978 (Rupr
1426 1932 1463 1975 l).

157 1993 220 2029 Ar.
243 1994 378 2039 Geogr.
402 1993 563 2040 Europa
579 1994 711 2030 media
733 1995 772 2030 et
800 1993 986 2030 australis
1015 1994 1062 2030 ad
1095 1993 1336 2040 Hispaniam
1369 1997 1408 2030 et
1438 1993 1594 2030 Italiam
1636 1994 1826 2030 centrales

107 2049 248 2087 usque,
273 2040 419 2077 sibula
434 2042 578 2086 omnis,
599 2042 784 2078 America
801 2041 976 2078 borealis
996 2042 1038 2077 in
1058 2041 1264 2077 montibus
1285 2041 1526 2089 scopulosis.

172 2134 241 2176 25.
265 2133 318 2177 C.
341 2136 575 2177 remota
603 2133 671 2190 (L.
699 2132 772 2188 Sp.
802 2135 934 2190 1383)
962 2135 1178 2188 cespitosa
1212 2134 1358 2177 radice
1395 2133 1570 2186 fibrosa,
1597 2133 1708 2176 soliis
1737 2132 1829 2187 pla-

111 2194 178 2237 nis
202 2197 383 2246 anguste
411 2193 650 2236 linearibus
679 2193 891 2237 flexuosis
915 2194 1424 2237 attenuato-acuminatis
1454 2194 1618 2236 culmos
1640 2193 1825 2246 graciles

110 2253 333 2306 elongatos
367 2251 532 2295 debiles
566 2252 777 2296 arcuatim
819 2256 1025 2296 nutantes
1065 2253 1446 2307 subaequantibus,
1492 2252 1672 2306 spiculis
1715 2252 1826 2293 6-10

111 2311 293 2355 alternis
338 2311 517 2355 remotis
567 2312 715 2365 parvis
766 2312 1003 2355 turbinatis
1046 2312 1265 2355 viridibus
1310 2313 1400 2356 basi
1453 2312 1658 2354 masculis
1706 2311 1828 2352 brac-

112 2372 181 2414 tea
211 2370 254 2413 in
278 2370 563 2413 inferioribus
591 2371 844 2425 longissima
870 2371 1046 2415 soliacea
1082 2371 1289 2421 suffultis,
1322 2372 1481 2426 glumis
1508 2370 1662 2413 albidis
1687 2369 1826 2413 oratis

111 2429 248 2474 acutis
271 2430 416 2473 fructu
445 2429 741 2482 brevioribus,
769 2431 1050 2484 stigmatibus
1085 2430 1212 2484 binis,
1243 2431 1441 2474 utriculis
1482 2430 1639 2472 erectis
1677 2429 1827 2483 plano-

112 2488 377 2543 compressis
395 2488 599 2543 ellipticis
626 2490 671 2532 in
698 2491 930 2532 rostellum
954 2490 1227 2533 bidentatum
1255 2488 1702 2532 serrulam-scabrum
1729 2487 1828 2528 bre-

112 2547 225 2591 viter
242 2547 507 2591 abeuntibus
540 2549 605 2595 91.
626 2548 682 2591 Ic.
710 2547 836 2592 Sclik.
867 2548 951 2591 tab.
979 2549 1026 2592 E.
1053 2549 1077 2591 s.
1104 2549 1244 2591 273.—
1265 2549 1402 2592 Rcbb.
1429 2548 1578 2592 Germ.
1606 2547 1693 2590 tab.
1721 2547 1826 2599 212,

159 2620 264 2658 Hah.
285 2622 326 2657 in
345 2622 545 2659 umbrosis
563 2622 753 2670 humidis,
773 2623 928 2660 Graeeia
949 2623 989 2659 in
1012 2623 1211 2660 Messenia
1229 2624 1325 2668 (Sui.
1347 2623 1511 2669 Prodr.)‚
1534 2624 1666 2658 monte
1694 2621 1829 2657 Korax

111 2667 271 2705 AEtoliae
296 2668 402 2706 5500’
418 2669 561 2714 (Heldr
579 2671 616 2716 l),
636 2672 752 2707 Creta
769 2671 892 2714 (Raul
907 2673 948 2717 l),
970 2671 1204 2707 Macedonia
1236 2674 1275 2707 et
1297 2671 1466 2707 Thracia
1500 2669 1661 2714 (Griseb
1677 2672 1716 2714 l),
1751 2667 1828 2712 By-

112 2716 231 2752 zantii
254 2716 400 2756 (Coum
416 2718 456 2762 l),
476 2716 654 2753 Libanus
671 2718 841 2763 (Posti),
868 2719 1018 2754 Pontus
1036 2718 1200 2760 Lazicus
1226 2718 1318 2761 (Bal
1335 2720 1372 2762 l),
1400 2717 1600 2753 Caucasus
1640 2714 1825 2752 centralis

114 2762 295 2811 (Ruprl),
312 2763 439 2800 Guria
460 2766 498 2800 et
515 2764 644 2800 Iberia
662 2765 1010 2802 Transcaucasicae
1044 2767 1105 2810 (C.
1143 2765 1283 2812 Koch.‚
1313 2765 1414 2802 Szov
1430 2767 1469 2811 l),
1492 2765 1626 2801 Persia
1655 2762 1831 2799 borealis

115 2809 322 2846 orientalis
338 2810 388 2847 ad
407 2810 536 2847 Siaret
553 2811 652 2859 (Bge
664 2813 701 2858 l).

165 2865 202 2903 C.
223 2867 413 2904 aoeae'llaris
431 2867 558 2904 Good.
579 2878 626 2904 ex
645 2879 757 2916 prov.
776 2869 1006 2906 Caucasicis
1023 2869 1064 2904 in
1092 2868 1235 2904 Ledeb.
1266 2868 1325 2904 Fl.
1358 2869 1473 2904 Ross.
1511 2869 1740 2904 enumemta
1770 2867 1828 2901 est

114 2913 238 2950 altera.
263 2924 313 2950 ex
329 2914 468 2950 toi-mis
489 2914 673 2961 hybridis
693 2915 794 2952 inter
818 2915 856 2953 C.
875 2920 1076 2952 remotam
1119 2919 1158 2952 et
1179 2917 1329 2962 species
1349 2915 1488 2951 affines
1517 2915 1657 2950 obviis.

162 2969 225 3005 Ar.
244 2971 379 3015 Googr.
399 2970 560 3017 Europa
586 2970 758 3007 borealis
781 2975 819 3007 et
840 2972 972 3007 media
1002 2971 1052 3007 ad
1078 2971 1317 3017 Hispaniam
1345 2969 1571 3014 centralem,
1601 2972 1638 3004 et
1673 2967 1826 3003 Italiam

112 3025 264 3063 usque,
284 3017 446 3064 Sibiria,
463 3017 572 3065 regio
592 3017 830 3065 Himalaica,
849 3019 985 3055 Africa
1001 3018 1184 3063 boream,
1203 3018 1385 3054 America
1405 3018 1559 3053 arctica.
