2089 3246
135 202 461 250 Calama-orosius,
873 209 1097 239 canutum-3
1757 205 1826 242 SQ

174 286 278 322 Hah.
299 287 337 322 in
359 286 484 322 Ponto
506 285 646 322 Lazico
669 296 790 332 supra
810 286 950 333 Djimil
968 286 1073 323 6300’
1094 288 1133 322 et
1149 296 1266 332 supra
1284 285 1521 321 Khabackar
1541 286 1643 322 7500·
1665 288 1757 331 (Bal
1773 291 1817 333 ἱ).

174 350 469 397 Sesquipedalis
490 351 555 386 vel
573 350 780 396 bipedalis,
798 351 894 387 folia
912 351 1111 386 interdum
1125 350 1150 386 2
1167 351 1207 394 Ἰ,
1221 350 1346 385 lineas
1363 350 1439 385 lata
1456 350 1592 396 pedem
1614 351 1823 389 dimidium

129 401 167 436 et
184 398 358 444 amplius
375 397 506 444 longa,
532 398 729 434 interdum
760 401 890 434 autem
920 398 1149 443 angustiora
1183 400 1222 433 et
1253 398 1375 432 multo
1412 397 1608 440 breviora,
1644 401 1826 444 panicula

128 446 192 482 2-4
212 444 376 492 pollices
398 446 527 491 longa.
544 445 667 480 Adest
681 446 808 480 forma
827 445 1014 482 humilior
1032 444 1079 480 de
1101 447 1301 490 ›auperata
1315 443 1514 490 paniculae
1534 450 1698 489 anguste
1723 457 1823 481 race-

130 503 250 528 mosae
269 493 389 527 ramis
422 491 682 532 brevissimis,
714 492 809 527 facie
843 491 1052 536 Ayrostz'di
1122 491 1247 527 (κτίσας
1281 491 1425 526 similis
1452 491 1519 526 sed
1547 492 1712 527 tlosvulo
1736 493 1821 529 basi

127 541 256 587 piloso
276 538 408 574 statim
427 538 721 585 distinguenda.
743 538 780 575 C.
805 537 996 575 Balansoe
1019 537 1057 574 C.
1073 538 1222 574 tenente
1241 539 1367 574 affinis
1385 538 1516 573 differt
1533 539 1713 584 panicula
1730 551 1823 575 con-

127 588 251 622 tracta
276 596 346 622 nec
375 589 542 632 patente,
568 586 732 632 spiculis
765 587 994 631 majoribus,
1026 585 1217 631 glumella
1249 585 1339 621 basi
1376 586 1454 621 fere
1493 589 1530 620 et
1560 586 1718 629 longius
1754 599 1823 623 nec

127 633 258 670 medio
278 633 396 669 dorso
415 634 584 669 aristata.
1638 630 1642 631 ⁷

187 761 226 802 3.
245 760 299 803 C.
325 759 634 813 Olympica
655 759 815 813 (Boiss.
841 758 994 811 Diagn.
1017 757 1111 800 Ser.
1139 758 1170 810 Ι,
1194 759 1234 808 5,
1261 770 1300 810 p.
1328 757 1398 808 70)
1423 757 1652 809 cespitosa‚
1681 757 1823 800 radice

127 819 304 866 fibrosa,
329 818 441 860 foliis
467 819 629 861 teneris
649 819 808 861 erectis
834 819 974 871 planis
1002 817 1230 860 latiuscule
1261 816 1326 858 vel
1355 820 1542 868 anguste
1583 816 1822 858 linearibus

125 877 381 920 acuminatis
421 877 648 925 viridibus,
676 877 804 929 ligula
835 877 1033 930 oblonga,
1062 876 1217 918 culmis
1240 875 1474 929 gracilibus
1501 875 1660 916 erectis
1705 876 1821 926 pani-

125 938 220 980 cula
243 939 428 989 angusta
457 939 675 979 contracta
711 936 803 978 laxa
838 936 901 978 vel
945 936 1190 988 interrupta
1217 934 1488 987 subsimplici
1529 934 1814 976 raceinisornii

124 996 191 1038 vel
217 996 382 1038 inferne
408 997 577 1037 ramosa
605 995 737 1037 ramis
763 994 972 1037 brevibus
996 995 1159 1036 strictis
1197 993 1507 1046 pedicellisque
1534 1005 1600 1033 sca
1613 992 1812 1044 primnis,

123 1054 281 1109 glumis
328 1054 666 1109 subaequilongis
708 1055 944 1107 purpureis
993 1054 1058 1096 vel
1107 1051 1422 1105 nigricantibus
1474 1052 1818 1104 subaequilongis

122 1113 318 1166 oblongis
341 1114 479 1156 acutis
507 1113 712 1156 inferiore
735 1112 863 1155 dorso
892 1113 1101 1154 scabrida.
1130 1112 1334 1165 glumella
1353 1111 1512 1164 glumis
1535 1111 1665 1152 tertia
1697 1115 1817 1162 parte

123 1171 327 1215 breviore
365 1173 455 1214 basi
487 1172 583 1226 pilis
611 1184 673 1214 eze
701 1172 957 1226 aequilongis
982 1172 1121 1214 obsita
1152 1171 1337 1223 oblonga
1362 1171 1487 1211 acuta
1513 1170 1729 1210 bidentata
1766 1170 1815 1210 aael

123 1231 312 1274 medium
354 1233 533 1274 dorsum
574 1232 706 1274 arista
757 1233 870 1273 recta
913 1230 979 1273 vel
1026 1231 1208 1272 incurva
1245 1231 1296 1271 ea
1337 1228 1529 1281 longiore
1563 1233 1605 1270 et
1642 1231 1817 1270 exserta

122 1290 347 1343 instructa,
370 1290 599 1344 superiore
621 1290 872 1343 angustiore
895 1294 938 1332 et
964 1289 1253 1332 subbreviore
1290 1295 1349 1335 26.

169 1364 270 1400 Hah.
290 1365 331 1400 in
352 1365 601 1410 rupestribus
621 1364 766 1411 alpinis
787 1364 962 1399 humidis
984 1363 1145 1409 Olympi
1167 1362 1333 1407 Bithyni
1361 1361 1520 1406 (Boissl
1545 1360 1658 1396 piem
1676 1364 1715 1405 ll,
1737 1364 1814 1396 tui·-

120 1411 216 1447 fosis
238 1412 361 1447 Tauri
391 1412 543 1448 Cilic-ici
565 1422 687 1457 supra
717 1411 888 1456 Bulghar
913 1411 1078 1447 Maaden
1100 1410 1238 1455 (Ball),
1259 1409 1373 1446 Ponti
1396 1409 1525 1444 Lazici
1546 1419 1665 1454 supra
1681 1408 1817 1454 Djimil

121 1459 224 1496 7500’
244 1459 335 1503 (Bal
349 1462 388 1504 l),
417 1461 594 1496 Caucaso
611 1460 651 1494 in
672 1458 845 1505 Alpibus
866 1458 1145 1503 Daghestaniae
1167 1457 1352 1504 frequens
1370 1456 1604 1492 660029000'
1634 1456 1763 1500 [ltupr
1778 1458 1816 1500 ἔ),

121 1507 160 1541 in
201 1510 334 1542 monte
374 1507 526 1542 Elvend
563 1507 704 1542 Persiae
737 1505 990 1541 occidentalis
1021 1508 1058 1541 et
1088 1504 1137 1540 ad
1169 1506 1280 1540 nives
1316 1505 1461 1538 montis
1489 1503 1645 1538 Saweis
1685 1503 1810 1537 ’12000ι

120 1553 346 1599 (Hau-sslzl)⁷
369 1555 405 1588 in
430 1556 563 1589 monte
583 1554 674 1589 Kuh
696 1553 831 1589 Daena
848 1553 992 1588 Persiae
1013 1552 1199 1588 australis
1218 1552 1314 1596 (Ky.
1333 1550 1402 1586 738
1415 1552 1456 1596 !)‚
1479 1551 1518 1585 in
1542 1550 1685 1596 alpinis
1709 1560 1816 1596 prov.

118 1600 351 1637 Khorassan
375 1601 525 1647 (ssgeo.

166 1663 393 1710 Specimina
409 1664 622 1710 Olympica
649 1666 687 1699 et
704 1663 866 1699 Pontica
884 1661 1154 1708 semipedalia.
1177 1660 1393 1697 Caucasica
1420 1660 1620 1695 interdum
1644 1659 1814 1705 pedalia,

118 1711 216 1747 folia
236 1712 382 1747 lineam
404 1713 484 1748 lata
504 1711 567 1747 vel
586 1711 825 1757 angustiora.
846 1710 1030 1756 panicula
1053 1713 1062 1742 t
1093 1709 1177 1753 'la-2
1199 1707 1476 1754 ¹l2-pollicaris,
1497 1707 1661 1752 spicnlae
1684 1717 1810 1751 magn.

118 1758 156 1793 A
185 1758 343 1795 roscidis
374 1759 563 1805 vulyarz's.
596 1759 719 1795 Juxta
737 1759 785 1793 A.
807 1757 990 1793 tenellam
1026 1757 1131 1791 foliis
1159 1755 1367 1800 elongatis.
1398 1754 1542 1799 gluniis
1574 1753 1814 1795 lanceolatis,

118 1806 422 1888 ξὲὲὲἕωιιιευᾰ
442 1806 608 1842 dimidio
633 1805 892 1850 brevioribus,
912 1804 1030 1851 palca
1052 1804 1317 1839 minutissima
1344 1805 1425 1846 etc,
1447 1801 1672 1836 distinctam
1695 1800 1813 1835 eollo-

179 1972 218 2014 4.
251 1970 303 2016 C.
332 1971 665 2015 Munroana
699 1969 858 2023 (Attea.
891 1973 933 2012 et
974 1969 1134 2012 Hemsl.
1179 1969 1260 2010 sub
1296 1967 1558 2019 Aqrostz'de),
1599 1967 1810 2019 cespitosa

118 2031 263 2073 radice
298 2029 475 2078 fibrosa,
506 2031 662 2072 culmis
689 2029 921 2083 gracilibus
954 2030 1125 2075 erectis.
1173 2028 1285 2070 soliis
1326 2026 1539 2068 viridibus
1579 2025 1813 2067 linearibus

118 2090 374 2132 acuminatis
412 2089 650 2131 ssaccidulis
696 2088 924 2138 scabridis,
976 2088 1185 2142 paniculae
1241 2087 1391 2129 effusae
1432 2089 1627 2137 angustae
1682 2085 1813 2125 raniis

119 2148 430 2203 pedicellisque
453 2148 636 2192 setaceis
663 2148 872 2200 elongatis
899 2146 1158 2190 scabridulis
1187 2146 1303 2187 bisce
1327 2145 1491 2198 spicula
1522 2144 1686 2186 minuta
1720 2144 1742 2184 3
1769 2145 1814 2184 6-

118 2208 188 2262 plo
240 2208 524 2260 longioribus,
575 2208 734 2261 glumis
797 2207 1052 2259 aequilongis
1103 2205 1316 2247 viridibus
1384 2204 1575 2255 margine
1633 2203 1812 2244 rulicllis

117 2267 574 2320 oblongo—lanceolatis
611 2267 906 2315 nemusculis,
933 2265 1138 2318 glumella
1173 2265 1332 2317 gluniis
1372 2266 1526 2315 quarta
1561 2266 1681 2315 parte
1719 2262 1813 2303 bre-

119 2326 239 2368 viore
265 2326 455 2380 undique
482 2327 750 2379 longiuscule
776 2325 911 2379 pilosa
939 2326 1094 2366 mutica
1126 2323 1256 2379 (excl.
1296 2323 1448 2364 Munro
1480 2321 1520 2361 in
1552 2321 1692 2362 Aitcli.
1723 2318 1811 2361 Cat.

117 2385 328 2435 aristata).
356 2385 474 2438 palea
497 2385 748 2438 angustiore
772 2389 813 2426 et
849 2383 1134 2426 subbreviore
1164 2384 1223 2428 Qt.
1250 2382 1296 2423 A.
1332 2379 1532 2432 Aurostis
1562 2379 1813 2420 Maurouna

119 2443 258 2488 Aitch.
284 2448 328 2487 et
355 2444 556 2497 Hemsley
582 2444 729 2487 Joarn.
760 2443 883 2485 Linn.
913 2442 1006 2484 Soc.
1029 2441 1146 2490 XIX,
1173 2455 1264 2495 pag.
1300 2442 1396 2482 192.

164 2517 262 2554 Hab.
284 2518 332 2554 ad
354 2519 548 2555 Clieudtoi
570 2519 685 2554 valiis
703 2518 874 2554 Kurrum
894 2517 1114 2564 Affglianiae
1132 2515 1259 2552 11000’
1281 2514 1428 2560 (Aitch.
1452 2521 1493 2549 11⁰
1517 2513 1604 2549 1252
1622 2514 1657 2556 l).

164 2582 472 2629 sesquipedalis,
494 2583 676 2630 panicula
708 2583 1004 2630 2-3-poll'icar'1s,
1031 2581 1193 2628 spiculae
1223 2581 1292 2615 vix
1321 2580 1466 2614 lineam
1495 2580 1634 2623 long-lu.
1678 2577 1812 2612 Facies

116 2629 337 2673 Aarostidis
365 2631 437 2666 sed
459 2631 644 2666 flosculus
667 2630 827 2677 pilosus.
850 2630 1132 2665 Rudinientum
1152 2628 1319 2663 nullum.
1348 2628 1404 2661 Ex
1430 2626 1475 2661 cl.
1502 2627 1641 2662 Munro
1663 2625 1811 2671 specius

116 2686 222 2712 nova.
239 2678 367 2713 affinis
387 2678 437 2713 A.
456 2678 599 2715 ciliane
621 2688 739 2724 quam
764 2688 840 2713 non
864 2678 956 2712 novi
978 2678 1043 2712 sed
1064 2687 1151 2722 quae
1173 2686 1221 2710 ex
1240 2674 1367 2710 Trinii
1385 2674 1647 2718 descriptione
1681 2673 1808 2706 ‹litlert

117 2725 282 2770 spiculis
301 2725 424 2771 duplo
443 2726 660 2769 majoribus
679 2725 848 2771 aliisque
869 2726 981 2760 notis.
1013 2723 1213 2760 (Siluine-lla
1241 2732 1289 2758 ex
1316 2721 1362 2757 cl.
1390 2721 1532 2756 Munro
1567 2721 1740 2757 arist-ata,
1772 2720 1809 2753 in

118 2772 214 2807 mels
235 2773 524 2818 speciminibus
547 2782 702 2820 semper
719 2773 873 2808 mutica.

179 2899 203 2939 5
267 2898 323 2940 C.
377 2897 652 2952 simplex,
690 2897 903 2950 cespitosa
949 2896 1115 2947 glauca,
1168 2895 1310 2936 radice
1355 2894 1620 2940 stolonisera,
1656 2891 1809 2932 culinis

120 2957 294 3010 pumilis
317 2958 473 2999 erectis
502 2957 679 3011 foliosis,
707 2956 818 2998 foliis
844 2955 1082 2998 linearibus
1121 2953 1378 2996 acuminatis
1414 2952 1562 3004 rigidis
1606 2950 1810 2993 coriaceis
