2062 3314
260 195 333 233 306
1016 203 1215 231 unacum:
1720 194 1964 237 Bellevalia,

262 274 611 330 amplexantibus
634 277 678 317 et
701 287 750 317 eo
781 274 1070 329 brevioribus,
1095 288 1265 319 racemo
1304 277 1430 318 ovato
1458 274 1697 318 laxiuscule
1724 278 1971 323 6—12-floro·

265 335 451 379 bracteis
478 332 864 389 squamiformibus
885 334 1089 386 minimis,
1113 334 1338 388 pedicellis
1361 334 1693 387 erecto-patulis
1726 336 1975 382 fructiferis

264 393 514 449 patentibus
549 393 680 435 rectis
716 392 823 436 flore
862 393 1039 435 dimidio
1082 393 1359 436 brevioribus
1386 394 1564 446 capsula
1591 393 1964 448 sublongioribus,

263 453 473 508 perigonii
512 452 658 495 azurei
682 452 971 505 campanulati
1003 452 1167 494 laciniis
1194 453 1333 495 ovatis
1356 451 1525 495 obtusis
1559 452 1662 494 tubo
1704 454 1835 507 triplo
1863 457 1961 499 bre-

263 513 471 565 vioribus,
501 510 732 553 filamentis
765 523 787 552 a
811 510 903 552 basi
929 511 1078 554 latiore
1102 511 1322 554 subulatis
1355 510 1537 553 anthera
1567 511 1755 554 violacea
1783 513 1965 558 sublon-

261 572 476 626 gioribus,
502 571 679 623 capsula
706 569 1117 622 globoso-depressa
1142 570 1349 613 tricoccea
1377 569 1512 612 coccis
1547 569 1670 611 duris
1714 574 1964 617 rotundatis

261 629 551 674 subcarinatis
583 630 643 675 Qt.
669 628 717 669 B.
744 627 907 669 lineata
930 628 1013 669 ΚΦ.
1037 628 1197 671 Enum.
1222 628 1288 671 W.
1313 641 1352 683 p.
1380 629 1477 671 309.
1495 651 1551 659 —-
1574 628 1848 682 Hyacinthus
1870 632 1976 675 leis--

257 690 392 743 pictus·
410 689 551 730 Baker
576 688 654 729 loc.
681 688 748 729 cit.
781 699 817 740 p.
845 688 928 729 429
949 700 1035 729 non
1060 686 1170 741 Gay,

307 763 406 799 Hah.
426 762 465 797 in
488 761 681 797 fruticetis
703 759 863 796 collium
882 760 1061 806 Smyrnae
1080 760 1269 805 (Fleisch.
1293 760 1368 795 sub
1395 759 1443 795 H.
1462 759 1595 796 ciIz'ato
1609 760 1649 805 J),
1686 760 1726 796 in
1759 762 1960 799 umbrosis

255 811 401 847 montis
421 809 560 844 Cadmi
582 818 700 854 supra
723 807 911 843 Denisleh
929 808 970 843 in
985 807 1099 843 Caria
1120 807 1254 852 (Boiss
1272 809 1312 852 l),
1333 806 1384 842 ad
1401 807 1566 843 Oucbak
1586 807 1769 853 Phrygiae
1800 809 1933 854 (Ball)

306 876 456 929 Scapus
476 874 621 927 florifer
647 872 709 908 3-4
729 871 895 918 pollices
918 872 1096 907 fructifer
1113 872 1178 908 6-8
1203 871 1356 917 longus,
1376 871 1473 906 folia
1499 871 1564 906 4-5
1588 871 1713 907 lineas
1744 871 1837 916 lata,
1874 875 1960 921 peri

258 933 422 969 gonuim
448 922 471 957 2
504 922 548 966 Ὗς
586 921 711 956 lineas
740 919 914 966 longum.
947 919 1118 965 Capsula
1155 919 1330 966 ejusdem
1361 919 1496 954 formae
1531 929 1575 954 ac
1604 917 1652 954 B.
1690 929 1858 958 nervosa
1890 922 1960 957 sed

258 972 396 1006 minor.

325 1083 387 1124 13.
417 1080 476 1123 B.
511 1075 753 1133 hispida
782 1076 840 1131 (J.
874 1075 964 1130 Gay
1010 1077 1125 1119 Bull.
1163 1076 1256 1119 Soc.
1299 1076 1387 1119 Bot.
1425 1075 1496 1117 Fr.
1527 1075 1601 1127 ΙΙΙ,
1627 1089 1663 1130 p.
1687 1077 1792 1133 240)
1827 1078 1973 1121 bulbo

257 1146 385 1184 ovato
409 1150 555 1193 parvo,
582 1137 694 1179 foliis
718 1137 791 1178 ⁰2-3
820 1136 958 1177 firmis
985 1136 1188 1178 elevatim
1216 1135 1512 1178 multinerviis
1541 1147 1719 1188 scapum
1747 1137 1952 1180 humilem

258 1206 434 1242 tenuem
476 1199 719 1240 flexuosum
759 1195 849 1237 basi
889 1195 1239 1248 amplexantibus
1271 1198 1313 1238 et
1343 1206 1392 1236 eo
1434 1193 1711 1237 brevioribus
1753 1195 1962 1249 oblongo„

260 1258 507 1303 lanceolatis
546 1256 685 1297 acutis
716 1255 910 1306 margine
934 1258 975 1296 et
1006 1255 1212 1308 utrinque
1251 1254 1304 1295 ad
1343 1265 1504 1296 nervos
1539 1254 1662 1305 louge
1701 1255 1961 1308 strigilloso-

259 1318 455 1372 hispidis,
471 1327 638 1358 racemo
659 1313 780 1356 brevi
800 1314 982 1365 oblongo
1001 1313 1255 1362 laxiusculo,
1279 1312 1464 1354 bracteis
1488 1312 1710 1359 obsoletis,
1738 1314 1959 1362 pedicellis

256 1377 461 1420 floriferis
486 1375 592 1416 flore
616 1372 892 1414 brevioribus
930 1372 1163 1414 fructiferis
1183 1371 1390 1414 arcuatim
1419 1372 1751 1425 erecto-patulis
1781 1374 1960 1426 capsula:

257 1435 626 1488 sublongioribus,
653 1431 861 1485 perigonii
888 1431 1058 1472 intense
1087 1431 1259 1473 caerulei
1286 1430 1452 1473 laciniis
1479 1430 1618 1472 ovatis
1644 1431 1957 1475 obtusiusculis

256 1496 360 1538 tubo
390 1495 520 1547 triplo
549 1491 841 1540 brevioribus,
863 1490 1096 1531 filamentis
1119 1489 1337 1532 subulatis
1356 1490 1537 1532 anthera
1567 1489 1755 1531 violacea
1781 1490 1968 1533 sublon-

255 1554 463 1609 gioribus,
486 1552 662 1604 capsula
691 1549 1101 1604 depresso—globosa
1136 1549 1319 1591 tricocca
1345 1549 1480 1590 coccis
1517 1548 1762 1590 rotundatis
1805 1550 1961 1593 subca-

256 1614 408 1656 rinatis
435 1610 697 1654 reticulatim
722 1610 920 1650 nervosis
955 1609 1015 1653 91.

301 1687 403 1722 Hah.
427 1686 467 1721 in
487 1684 663 1720 dumosis
683 1682 832 1719 Ciliciae
849 1681 1035 1717 littoralis
1055 1691 1177 1728 prope
1197 1681 1367 1717 Mersina
1390 1681 1492 1725 (Bal.
1511 1680 1631 1726 8151).

307 1755 338 1808 β
357 1752 645 1807 ylabrescens.
674 1773 728 1779 -
757 1749 871 1792 Folia
897 1748 1092 1801 strigillis
1117 1747 1336 1790 destituta.

303 1830 403 1865 Hah.
423 1829 462 1864 in
487 1826 623 1862 Cilicia
642 1824 692 1859 ad
711 1824 884 1859 Tarsous
905 1822 1050 1866 (Auch.
1071 1821 1165 1857 2116
1179 1823 1219 1867 l).

300 1895 435 1930 Facies
452 1894 489 1928 et
506 1892 751 1926 characteres
777 1887 822 1923 Β.
841 1888 1000 1923 lz'neatce
1024 1888 1085 1922 cui
1108 1886 1227 1922 valde
1247 1887 1379 1921 affinis
1402 1889 1441 1921 et
1459 1896 1482 1921 a
1500 1888 1579 1932 qua
1599 1885 1798 1931 pedicellis
1823 1887 1967 1922 fructi--

253 1943 345 1978 feris
383 1949 540 1976 sursum
576 1937 742 1973 arcuatis
780 1946 852 1970 nee
887 1933 1121 1981 patentibus
1163 1935 1281 1968 rectis
1320 1934 1454 1968 forsan
1481 1943 1561 1968 non
1588 1936 1650 1968 sat
1689 1933 1830 1980 differt,
1864 1944 1959 1969 nam

255 1989 324 2036 pili
357 1986 559 2034 strigillosi
594 1986 635 2020 in
662 1982 944 2029 speciminibus
971 1981 1244 2017 Balansaeanis
1287 1980 1591 2016 characteristici
1621 1980 1662 2014 in
1695 1981 1959 2017 Aucherianis

251 2039 435 2072 caiterum
463 2033 660 2069 similibus
679 2031 832 2066 desunt.

313 2147 378 2188 14.
402 2145 458 2187 Β.
478 2139 842 2185 Heldrelchii
865 2138 1026 2193 (Boiss.
1052 2137 1206 2191 Diagn.
1227 2137 1321 2180 Ser.
1343 2138 1371 2186 Ι,
1393 2137 1436 2187 4,
1464 2149 1502 2190 p.
1530 2136 1634 2190 111)
1659 2137 1789 2180 bulbo
1826 2141 1955 2180 ovato

254 2217 401 2259 parvo,
426 2203 539 2245 foliis
564 2201 636 2242 ,02-{3
663 2199 800 2241 firmis
828 2199 1028 2240 elevatim
1065 2197 1359 2239 multinerviis
1392 2196 1555 2248 glabris
1581 2195 1957 2249 oblongo-lanceo-

253 2265 350 2306 latis
379 2263 515 2306 acutis
539 2271 717 2313 scapum
743 2257 946 2299 humilem
984 2257 1073 2298 basi
1108 2255 1457 2308 amplexantibus
1496 2259 1539 2296 et
1574 2266 1624 2297 eo
1656 2255 1957 2307 brevioribus,

252 2335 421 2366 racemo
450 2320 573 2363 brevi
597 2317 849 2372 spicaeformi
879 2316 1064 2368 oblongo
1089 2315 1346 2364 laxiusculo,
1377 2313 1562 2356 bracteis
1582 2313 1807 2365 obsoletis,
1835 2314 1957 2367 pedi-

249 2383 370 2424 cellis
403 2380 560 2423 erectis
606 2376 879 2419 brevissimis
934 2375 1092 2416 florum
1139 2374 1417 2427 superiorum
1459 2373 1694 2425 subnullis‚
1736 2373 1953 2427 perigonii

250 2443 420 2483 intense
436 2436 822 2483 caeruleo-violacei
842 2434 1066 2488 cylindrici
1092 2433 1257 2475 laciniis
1281 2432 1422 2474 ovatis
1444 2430 1733 2482 brevissimis,
1753 2432 1951 2474 filamen-

249 2501 304 2543 tis
340 2497 620 2541 liliformibus
656 2495 837 2537 anthera
877 2494 1063 2535 violacea
1111 2491 1398 2544 longioribus,
1441 2491 1588 2532 ovario
1627 2490 1836 2544 sphaerico
1873 2489 1955 2532 tri-

250 2571 360 2601 Uono
394 2560 457 2603 Ql.

249 2593 655 2716 DHilffib.!inbberbqidits
676 2629 777 2663 inter
796 2626 957 2662 frutices
982 2625 1232 2672 Pamphyliae
1262 2626 1362 2660 inter
1390 2623 1535 2660 Adalia
1565 2626 1602 2660 et
1634 2622 1800 2669 Yenidje
1831 2621 1953 2658 Khan

385 2691 393 2698 ·
437 2708 443 2714 .
512 2706 519 2713 .
592 2687 633 2711 ar
653 2704 660 2711 .

249 2690 260 2725 K
295 2689 576 2791 {ripollicaris
593 2739 720 2775 affinis
739 2737 784 2773 B.
803 2738 961 2773 lineatae
980 2746 1003 2771 a
1020 2739 1099 2782 qua
1117 2735 1248 2771 differt
1270 2734 1375 2772 foliis
1393 2745 1475 2770 non
1490 2733 1646 2779 ciliatis,
1667 2732 1833 2769 floribus
1853 2732 1956 2768 sub-

250 2792 474 2836 sessffibus,
492 2788 683 2836 perigonii
703 2785 858 2821 laciniis
881 2783 1143 2820 brevioribus.

316 2901 378 2941 15.
409 2898 463 2941 Β.
497 2904 758 2939 nervosa
795 2891 974 2947 (Bertol.
1002 2891 1175 2933 Miscell.
1200 2889 1232 2942 1,
1263 2903 1307 2944 p.
1339 2891 1389 2932 21
1422 2889 1503 2932 sub
1525 2888 1791 2943 Hyacintho)
1815 2887 1953 2931 bulbo

249 2963 376 3003 ovato
419 2967 567 3011 parvo,
602 2953 716 2996 foliis
762 2950 963 2994 subbiuis
1008 2950 1147 2992 firmis
1184 2949 1387 2992 elevatim
1425 2949 1720 2992 multinerviis
1752 2947 1956 3001 margine
