2062 3314
172 253 222 289 54
917 256 1133 284 oncmnEAE
1659 242 1869 292 Serapias.

224 334 326 370 Hah.
348 333 390 368 in
411 331 576 375 olivetiS,
596 332 750 377 pascuis
772 330 944 376 regionis
963 329 1171 371 inferioris,
1186 327 1316 363 Attica
1335 325 1494 371 (Sprun.
1513 324 1673 369 Heldrl)
1692 326 1873 371 Byzantii

172 382 371 425 {Coum!),
417 379 607 424 Bithynia
649 378 697 413 ad
738 377 955 413 Broussam
1006 376 1175 419 (This-lie
1192 376 1229 420 l),
1271 373 1453 418 Smyrnae
1505 372 1635 416 [Auel]
1651 374 1689 418 1),
1736 374 1875 409 Cilicia

174 428 273 473 (ΚΥ.
296 427 413 470 4131).

223 498 445 544 Speeimina
479 496 692 532 Orientalia
721 496 954 532 varietatem
987 495 1187 531 Columnae
1219 492 1337 528 Rchb.
1369 491 1423 526 fil.
1454 490 1593 526 labelli
1614 490 1709 526 lobo
1735 491 1869 527 medio

172 545 403 581 lateralibus
434 544 608 589 longiore
640 545 677 578 et
697 543 819 578 libere
849 543 999 578 deflexo
1033 552 1103 577 nee
1121 540 1208 576 ssori
1233 548 1422 587 appresso
1447 542 1485 573 et
1502 538 1695 573 occultato
1717 539 1875 574 sistunt.

176 593 272 627 Haec
299 592 448 638 speeies
470 591 510 626 S.
532 589 698 635 Linque?
714 589 829 624 valde
849 590 979 624 affinis
1011 592 1068 624 est
1087 592 1122 623 et
1155 598 1174 622 0
1205 588 1306 623 sicco
1330 595 1434 630 saepe
1456 595 1558 630 aegre
1579 585 1869 630 distinguenda.

177 639 307 674 differt
337 638 556 684 praesertim
591 637 740 683 phyllis
762 637 869 682 apice
904 637 1050 680 liberis,
1080 634 1216 669 labelli
1236 632 1463 670 abbreviati
1488 632 1576 667 basi
1596 632 1752 678 bigibbi
1783 632 1874 668 loho

177 686 409 721 intermedio
426 684 663 729 angustiore,
689 684 808 718 ssores
832 684 950 729 paulo
969 683 1158 718 minoreS.

223 758 286 792 Ar,
308 757 441 801 Geoqr.
472 756 691 800 Lusitania,
709 755 903 802 Hispania
923 755 1108 790 australis
1129 755 1166 790 et
1185 752 1369 797 borealis,
1389 751 1521 787 Gallia
1534 753 1731 798 australis,
1749 752 1875 799 Italia,

179 804 329 850 Sicilia,
346 804 480 839 Africa
499 803 679 838 borealis.

242 906 283 946 3.
319 903 374 946 S.
408 899 954 957 pseudooordiqera
977 899 1102 951 (Mor.
1128 900 1188 941 Fl.
1221 899 1325 942 Ven.
1350 897 1454 954 374)
1482 899 1711 942 tuberibus
1734 901 1873 943 oratis

180 962 343 1016 saepius
378 961 621 1009 sessilibus,
646 960 766 1002 caule
798 961 907 1001 elato
947 960 1110 1011 l'olioso,
1134 959 1243 1001 soliis
1273 958 1521 1000 lanceolatis
1554 958 1690 1000 acutis
1719 971 1874 1013 supre-

179 1022 262 1064 mis
293 1022 346 1062 ad
377 1020 574 1071 vaginam
604 1019 811 1068 reductis,
847 1018 963 1071 spica
990 1019 1118 1059 etiam
1147 1017 1313 1059 anthesi
1341 1018 1519 1058 ineunte
1546 1018 1655 1064 laxa,
1686 1018 1870 1061 bracteis

173 1078 634 1133 oblongo-lanceolatis
672 1077 1094 1131 purpurascentibus
1130 1077 1267 1118 acutis
1312 1077 1443 1118 llores
1486 1077 1763 1128 aequantibus
1799 1078 1871 1118 vel

178 1138 504 1192 superantibus,
529 1137 739 1190 perigonii
764 1135 921 1190 pallide
955 1135 1178 1189 purpurei,
1203 1135 1361 1188 phyllis
1399 1135 1595 1177 externis
1624 1136 1873 1178 lanceolatis

179 1198 316 1239 acutis
357 1200 516 1250 praeter
556 1208 773 1237 summum
810 1195 972 1248 apicem
1006 1194 1215 1240 connatis,
1240 1193 1394 1236 labello
1434 1198 1756 1248 atropnrpureo
1782 1194 1872 1236 basi

177 1256 351 1309 bigibbo
380 1255 533 1308 phyllis
561 1255 749 1306 longiore
776 1253 931 1295 trilobo
973 1253 1080 1295 lobis
1119 1253 1369 1295 lateralibus
1393 1253 1642 1296 semiovatis
1666 1253 1868 1307 obliquis,

178 1315 436 1358 intermedio
471 1314 601 1367 duplo
639 1313 829 1365 longiore
852 1317 894 1354 et
919 1312 1253 1364 subaugustiore
1285 1324 1307 1352 a
1344 1312 1430 1354 basi
1454 1314 1635 1353 cuneata
1667 1313 1870 1365 oblongo-

182 1375 415 1416 lanceolato
452 1380 510 1421 26.
553 1373 688 1414 110111).
730 1370 875 1414 Germ.
910 1372 991 1413 lab.
1023 1372 1091 1412 89.
1116 1393 1164 1401 —
1201 1371 1241 1412 S.
1276 1370 1539 1422 onzyipetala
1570 1370 1674 1413 Poll.
1712 1371 1874 1413 Veron.

178 1434 204 1474 3
232 1446 268 1486 p.
296 1435 362 1474 30.
393 1456 443 1462 —
471 1431 512 1473 S.
542 1431 771 1482 cardinem
795 1429 962 1473 Griseb.
989 1430 1099 1483 Spic.
1131 1442 1213 1471 non
1242 1430 1292 1470 L.

227 1506 315 1542 Hal)
361 1507 400 1541 in
434 1506 555 1552 pratis
592 1505 785 1540 fertilibus
816 1515 918 1551 saepe
959 1504 1173 1551 paludosis,
1207 1504 1434 1549 Zacynthus
1473 1505 1654 1551 (Margl),
1700 1505 1872 1541 Laconia

179 1554 300 1600 (Orph
315 1556 351 1597 1),
378 1554 502 1588 Attica
523 1553 715 1598 (Heldrl).
748 1553 916 1588 Thracia
946 1556 983 1587 et
1011 1553 1249 1597 Byzantium
1277 1551 1456 1595 tGriseb!
1490 1552 1668 1597 Couml),
1687 1553 1872 1588 Anatolia

179 1600 428 1636 occidentalis
463 1601 658 1644 (Tchihl),
696 1599 832 1635 Cilicia
855 1601 937 1645 (ΚΥ
951 1602 988 1645 1),
1016 1600 1169 1645 Cyprus
1202 1600 1295 1644 (ΚΥ.
1317 1599 1414 1645 178),
1445 1599 1562 1644 Syria
1585 1599 1767 1635 littoralis
1787 1601 1872 1642 (ΒΗ

182 1648 378 1694 Ilarheyt]
403 1652 439 1683 et
461 1648 629 1683 borealis
660 1648 711 1682 ad
731 1647 984 1682 Antiochiam
1003 1647 1132 1692 (Kyl),
1165 1646 1363 1682 Palestina
1391 1646 1440 1681 ad
1460 1647 1621 1683 Hebron
1641 1648 1735 1692 (Ky.
1757 1647 1869 1693 4821),

180 1695 313 1740 Iberia,
336 1696 495 1740 Gouria,
520 1695 699 1730 Imeretia
725 1696 845 1740 (Szov
860 1696 886 1740 1)
910 1694 1095 1738 Ledeblsl.

225 1770 286 1804 Ar.
315 1770 449 1812 Geoqr.
497 1768 698 1814 Hispania,
737 1767 868 1803 Gallia
907 1766 1343 1803 oceidentali-australis
1381 1769 1417 1802 et
1456 1766 1652 1811 australis,
1692 1766 1873 1803 Helvetia

178 1816 378 1860 australis,
399 1815 523 1861 ltalia,
545 1815 671 1851 Istria.

236 1919 275 1959 4.
316 1917 366 1960 S.
397 1914 712 1970 cor-digera
749 1915 812 1969 (L.
850 1916 922 1968 Sp.
965 1916 1091 1960 1345)
1131 1914 1362 1957 tuberibus
1396 1914 1533 1957 ovatis
1579 1915 1715 1956 altero
1756 1927 1871 1969 saepe

180 1977 372 2019 breviter
405 1976 673 2029 pedieellalo,
707 1977 826 2017 caule
867 1975 977 2016 elato
1020 1974 1186 2026 foliosa,
1223 1974 1334 2016 foliis
1381 1974 1873 2016 lanceolam-linearibus

178 2036 483 2089 superioribus
521 2035 573 2076 ad
612 2035 788 2086 vaginas
822 2033 1032 2084 rediietiS‚
1062 2034 1180 2086 spica
1205 2033 1287 2075 sub
1308 2033 1477 2075 antheri
1507 2035 1711 2084 congesta
1735 2035 1875 2086 ovata,

177 2095 363 2137 bracteis
390 2096 472 2136 late
497 2093 635 2135 ovatis
661 2093 728 2135 vel
752 2093 947 2145 oblongis
967 2092 1104 2134 acutis
1128 2092 1257 2134 ssores
1281 2091 1557 2145 {equentibus
1575 2092 1640 2133 vel
1664 2091 1878 2134 exceden-

176 2154 308 2200 tibus,
346 2152 555 2206 perigenii
599 2153 808 2206 purpurei
838 2152 996 2206 phyllis
1024 2152 1217 2193 externis
1255 2152 1393 2193 ovatis
1421 2151 1487 2191 vel
1517 2151 1712 2203 oblongis
1737 2151 1873 2193 acutis

175 2212 231 2254 ad
272 2213 434 2265 apicem
480 2224 620 2264 usque
654 2212 857 2259 connatis,
887 2211 1072 2252 internis
1110 2224 1128 2251 a
1169 2210 1258 2252 basi
1292 2210 1524 2252 rotundata
1567 2213 1606 2250 in
1648 2210 1872 2262 cuspidem

175 2271 508 2325 abruptiuscule
541 2272 787 2323 contractis,
817 2270 969 2312 labello
1010 2273 1332 2323 atropurpnreo
1377 2268 1497 2321 galea
1548 2268 1740 2321 longiore
1782 2268 1873 2310 basi

180 2330 381 2372 bicalloso
407 2328 564 2383 phyllis
593 2330 809 2383 subduplo
840 2329 1030 2380 longiore
1057 2329 1213 2370 trilobo
1251 2328 1358 2370 lobis
1394 2328 1646 2370 lateralibus
1671 2327 1874 2369 semicor-

176 2390 289 2431 datis
319 2387 576 2431 intermedio
609 2388 949 2440 Subtriangnlari
988 2391 1113 2429 ovato
1140 2387 1232 2429 basi
1259 2386 1434 2430 cordato
1460 2386 1712 2428 lateralibus
1738 2386 1874 2439 1011111-

177 2449 261 2490 lato
303 2448 379 2490 sed
417 2447 609 2500 longiore
657 2454 716 2495 26.
755 2447 892 2490 Rchb.
945 2445 1089 2488 Germ.
1130 2447 1218 2490 tab.
1263 2447 1332 2488 88.
1372 2469 1428 2477 -
1466 2445 1564 2489 Bet.
1608 2445 1716 2498 Mag.
1759 2446 1872 2487 5868

178 2507 247 2559 fig.
275 2507 327 2549 A.

223 2580 322 2616 Hah.
345 2580 385 2615 in
411 2580 592 2624 collibus,
617 2580 738 2625 pratis
771 2590 876 2625 saepe
907 2579 1096 2622 humidis,
1118 2579 1414 2624 Peloponnesus
1436 2578 1478 2613 in
1498 2577 1697 2613 Messenia.
1718 2577 1874 2623 (Despr.

175 2637 224 2662 ex
250 2627 404 2672 Rene),
439 2627 582 2672 Attica:
598 2628 738 2671 (Fraas
757 2637 805 2662 ex
824 2627 976 2672 Rene),
999 2627 1112 2662 Creta
1134 2627 1183 2661 ad
1211 2626 1402 2661 Candiam
1424 2624 1612 2670 (Heldrl),
1631 2624 1873 2669 Byzantium

175 2675 227 2710 ad
248 2675 447 2721 Ther-apia
464 2675 630 2718 (Thuret
645 2677 684 2719 1).

224 2738 288 2773 Ar.
318 2738 453 2782 Geoqr.
497 2737 654 2783 Europa
686 2737 869 2772 australis
904 2748 926 2772 a
960 2735 1089 2773 Gallia
1118 2735 1508 2771 austro-occidentali
1540 2734 1589 2770 ad
1618 2733 1874 2778 Dalmatiam,

178 2784 320 2820 insulae
341 2785 527 2828 Azetium,
554 2785 686 2819 Africa
707 2785 888 2820 borealis.

227 2855 312 2891 Obs.
329 2856 386 2890 (21.
405 2855 507 2892 Prof.
523 2855 773 2901 Orphanides
795 2866 813 2890 e
835 2855 985 2891 Grzeeia
1009 2855 1117 2890 misit
1137 2854 1252 2890 flores
1272 2853 1311 2890 S.
1330 2852 1474 2890 triloboe
1489 2852 1657 2887 Viviani.
1685 2872 1730 2877 -—
1751 2851 1875 2888 Rehb.

179 2903 299 2938 Germ
333 2902 488 2944 tabAEG,
508 2902 642 2937 formae
664 2902 844 2948 hybridae
867 2904 907 2937 in
927 2902 1058 2937 Gallia
1078 2902 1252 2946 australi,
1274 2901 1396 2944 Italia,
1428 2900 1541 2935 Istria
1560 2909 1718 2945 quoque
1736 2898 1876 2937 obviae,

177 2949 740 3042 ὃκῐῗιῖᾓιὲῇιίἳοοῇἓονάτζᾳενιε
753 2951 816 2985 vel
837 2949 1202 2996 pseudocorclzyerae
1219 2959 1307 2984 cum
1329 2947 1497 2985 Orehide
1514 2943 1796 2994 papilz'onaceci
1816 2946 1878 2980 vel
