2089 3246
110 223 212 262 Poa.
859 231 1080 258 anamma:
1746 226 1821 264 003

112 305 388 350 brevissimis
437 304 605 358 asperis
658 301 941 346 inferioribus
998 305 1179 353 2-3-1118,
1228 303 1409 356 spiculis
1467 308 1817 361 ovato-oblongis

114 364 360 407 virentibus
382 364 447 406 vel
480 362 728 415 variegatis.
759 363 950 405 flosculis
977 365 1048 404 5-9
1073 363 1164 405 basi
1200 363 1296 404 lana
1330 365 1457 415 parca
1482 366 1814 419 convexisglu-

111 424 193 466 mis
216 422 543 477 subaequalibus
567 421 765 474 oblongis
785 423 937 468 acutis.
956 421 1167 475 glumella
1189 421 1374 473 oblonga
1398 422 1517 474 apice
1548 424 1703 466 obtusa
1721 437 1813 467 sca-

111 482 228 524 riosa
250 482 418 524 inferne
445 481 497 521 acl
526 481 715 522 carinam
753 484 794 522 et
836 481 1052 534 margines
1083 483 1206 531 longe
1236 480 1398 522 sericea
1433 482 1580 522 nervis
1606 483 1815 527 obsoletis

121 547 181 588 ¹36.
210 540 318 582 Host
341 540 488 583 Gram.
516 539 668 581 Austr.
694 539 780 581 tab.
801 539 870 582 70.
901 564 954 569 —
979 539 1112 582 Relib.
1143 537 1289 580 Gram.
1319 539 1390 590 ssg.
1419 540 1516 580 4111.

158 613 266 649 Hal).
308 614 348 648 in
399 612 512 648 siccis
555 611 602 647 ad
636 613 733 655 vias,
777 622 911 648 muros
939 612 1155 659 praesertim
1188 612 1226 645 111
1269 612 1479 653 montanis,
1512 613 1743 650 Mam-«lunia
1776 616 1815 652 in

109 661 298 708 glareosis
333 661 564 695 torrentium
595 660 740 694 montis
779 659 975 695 Korttiiati
1014 659 1117 695 2000‘
1154 658 1350 703 (lleldrl),
1391 659 1538 693 romu>
1573 661 1734 696 haricus
1766 663 1817 699 ad

110 707 233 744 Rhize
255 707 347 751 (Bal
366 709 403 752 l1,
430 707 586 742 Taurus
605 706 790 741 Cilicicus
812 708 859 741 ud
879 706 1010 742 Giilek
1031 705 1188 751 Boghaz
1205 705 1348 749 (Balt),
1373 705 1547 740 Libanus>
1568 707 1631 750 (131
1650 711 1686 751 1),
1711 709 1814 745 Tau-

107 755 177 801 ria,
197 754 396 790 Caucasus
415 756 452 789 et
468 753 776 789 Transcaucasia
797 755 922 798 (Stev.
943 755 984 789 C.
1001 755 1045 789 A.
1067 753 1119 788 M.
1138 753 1319 796 Eicliw.)

158 820 220 854 Ar.
239 818 375 864 Geoqr.
405 818 562 864 Europa
587 818 717 853 media
745 820 783 854 et
803 817 988 854 australis
1011 828 1034 853 a
1054 816 1321 853 Scandinavia
1343 816 1388 851 ad
1419 816 1600 853 Rorsiaun
1630 819 1814 862 mediam,

112 866 273 909 Sibiria,
292 867 475 901 America
493 863 664 900 borealis

176 965 242 1009 11.
271 967 332 1010 P.
359 966 597 1010 Cenisia
619 967 720 1015 (All.
746 967 857 1009 Auct
911 981 950 1021 p.
979 967 1055 1021 40)
1082 965 1303 1020 perennis,
1335 966 1570 1008 rliizemate
1599 967 1818 1019 cespitoso

112 1030 294 1080 repente
321 1026 588 1079 stolouil'ero,
618 1027 774 1068 culmis
797 1026 1137 1068 ascendentibus
1153 1025 1217 1067 vel
1243 1026 1402 1068 erectis
1427 1025 1603 1066 laevibus
1623 1037 1816 1078 superne

114 1086 238 1138 longe
265 1086 467 1139 apliyllis,
494 1085 607 1127 soliis
633 1085 871 1127 linearibus
893 1085 1151 1128 acuminatis
1176 1085 1363 1126 lirinulis
1399 1085 1699 1126 fasciculorum
1729 1090 1816 1127 ste·

112 1145 258 1187 rilium
285 1156 402 1199 saepe
425 1144 738 1199 approximatis
764 1148 805 1186 et
823 1144 1108 1187 subdisticliis
1138 1143 1401 1197 patentibus,
1438 1144 1582 1197 ligulis
1608 1144 1816 1187 brevibus

110 1203 337 1258 superiore
377 1206 517 1254 ovata,
557 1203 757 1258 panicula
795 1206 940 1246 erecta
963 1204 1149 1256 oblonga
1182 1201 1264 1244 sub
1295 1203 1464 1244 antlicsi
1498 1207 1672 1257 patente
1715 1203 1816 1246 dein

111 1265 331 1306 contracta
366 1263 731 1316 oblongo-lineari
772 1263 904 1304 ramis
943 1262 1226 1304 inferiorlbus
1261 1261 1444 1311 2-3-nis,
1467 1261 1645 1314 spiculis
1677 1263 1816 1305 oratis

113 1321 332 1364 3-5-floris
359 1321 605 1364 virentibus
634 1322 700 1363 vel
730 1323 890 1375 saepius
923 1321 1168 1372 variegatis,
1188 1320 1347 1373 glumis
1374 1320 1704 1374 subzequalibus
1727 1321 1817 1363 lan-

111 1380 289 1424 ceolatis
322 1381 580 1423 acuminatis
609 1381 756 1423 carina
781 1381 962 1431 scabris,
1000 1381 1195 1422 flosculis
1228 1379 1318 1422 basi
1356 1380 1450 1421 lana
1491 1381 1613 1431 longe
1648 1384 1816 1432 protra-

115 1439 261 1482 henda
286 1440 506 1488 connexis,
529 1439 735 1491 glumella
758 1440 995 1482 lanceolata
1017 1442 1142 1482 acuta
1164 1450 1291 1481 secus
1318 1439 1507 1481 carinam
1534 1443 1575 1479 et
1603 1439 1820 1491 margines

111 1499 412 1542 sericeo-hirta
429 1498 579 1540 nervis
603 1499 856 1542 lateralibus
876 1499 1084 1541 obsoletis
1116 1499 1176 1544 Qt.
1192 1497 1284 1539 Poa
1307 1496 1648 1548 disticlzoplzgslla
1676 1498 1816 1540 Gaud.

112 1557 236 1600 Helv.
260 1556 292 1606 Ι,
321 1570 360 1611 p.
391 1559 489 1600 ⁹250.
514 1580 570 1587 —
595 1557 732 1599 Rchb.
762 1557 907 1600 Germ.
938 1558 992 1601 lc.
1025 1558 1092 1611 lig.
1119 1558 1199 1599 397
1227 1560 1269 1599 et
1308 1558 1406 1599 398.
1438 1580 1490 1586 —-
1529 1556 1577 1597 P.
1609 1555 1816 1607 fleaeuosa

111 1616 253 1659 Wahl.
280 1616 412 1670 Lapp.
437 1618 506 1658 63.
533 1639 591 1645 -—
615 1617 723 1658 Host
759 1616 904 1659 Grain.
938 1621 964 1658 t.
991 1618 1062 1659 65.
1095 1639 1152 1647 —-
1182 1615 1232 1657 P.
1265 1615 1582 1668 psycllroplzlla
1610 1615 1748 1657 ssoiss.
1777 1619 1819 1659 et

113 1675 265 1718 Heldr.
290 1675 443 1729 Diagn.
468 1675 561 1718 Ser.
593 1674 620 1729 1,
647 1676 715 1728 13,
740 1690 777 1730 p.
803 1678 871 1717 57.
897 1699 950 1705 —-
975 1676 1023 1718 P.
1051 1674 1276 1727 oreopaita
1300 1674 1438 1717 Boiss.
1467 1679 1509 1716 ct
1535 1674 1680 1716 lleldr.
1712 1674 1812 1716 Mss.

161 1749 262 1784 Han.
301 1749 345 1784 iu
378 1749 488 1784 siccis
521 1748 769 1795 rupestribus
802 1750 973 1793 regionis
1006 1749 1152 1795 alpinae
1186 1748 1346 1784 Graeciae
1379 1749 1416 1782 in
1454 1751 1587 1782 monte
1624 1748 1818 1783 Parnasso

107 1796 258 1833 6-7000’
285 1795 435 1840 (Heldr.
476 1796 593 1831 Herb.
626 1796 761 1831 Nomi.
792 1797 883 1832 565!
911 1796 1074 1842 0111111),
1104 1797 1291 1831 Anatolia
1337 1797 1376 1830 in
1421 1796 1592 1840 ‹llympo
1645 1795 1817 1839 Bithyno

115 1843 300 1888 (Boissi),
318 1843 522 1879 Montibus
540 1843 708 1887 Davros,
735 1844 896 1879 Stavros
928 1847 965 1878 et
991 1846 1163 1879 Anemas
1185 1843 1345 1878 Pisidiae
1372 1844 1408 1877 et
1445 1842 1601 1876 Isauriae
1625 1841 1819 1886 (Heli-iri),

113 1890 245 1926 Tauro
264 1890 426 1926 Cilicico
445 1901 566 1937 supra
587 1891 764 1937 Bulghar
783 1891 949 1926 Maaden
981 1891 1075 1935 (Ky.
1096 1891 1161 1926 351
1182 1889 1256 1925 Bal
1269 1892 1308 1935 !),
1338 1894 1468 1925 monte
1494 1892 1634 1934 Argum
1664 1889 1756 1932 (Bal
1773 1891 1815 1933 1),

113 1941 246 1974 monte
267 1938 494 1984 Berytdagh
513 1938 716 1973 Cataonia:
734 1938 838 1975 ⁸000*
858 1937 1038 1982 (Haussk
1056 1939 1093 1983 l),
1111 1937 1237 1973 Ponto
1260 1937 1400 1972 Lazico
1419 1947 1538 1983 supra
1555 1936 1690 1982 Djiinil
1712 1938 1816 1972 911110·

113 1985 256 2031 (Ball),
273 1985 430 2021 Tauriae
450 1987 582 2020 moute
600 1985 883 2032 Teliatyrdagh
903 1985 1047 2031 (Led.)

172 2051 218 2104 β.
246 2050 554 2103 depauperata.
592 2073 650 2080 —
682 2050 887 2094 Panicula
911 2051 1205 2104 depauperata
1228 2049 1467 2101 angustior,
1506 2049 1684 2102 spiculae
1724 2049 1817 2089 2-3-

113 2109 246 2153 ssorae.
277 2134 328 2140 —
356 2110 403 2152 P.
429 2108 600 2151 Altaica
624 2108 668 2152 C.
692 2110 742 2151 A.
763 2111 866 2164 Moy.
901 2111 995 2153 lud.
1028 2108 1153 2151 Cauc.
1188 2122 1231 2163 p.
1270 2110 1317 2150 19
1342 2112 1384 2152 et
1410 2109 1589 2162 probab.
1614 2108 1732 2149 Trin.
1775 2108 1814 2149 in

115 2167 239 2212 Mem.
266 2168 464 2212 Petersb.
489 2168 561 2220 VI,
587 2183 611 2223 p
656 2170 739 2211 382
763 2173 806 2211 et
825 2169 982 2211 Ledeb.
1010 2168 1063 2212 lc.
1095 2167 1176 2210 tal).
1207 2169 1305 2210 2025.

162 2243 265 2279 Hah.
292 2244 332 2279 in
365 2243 533 2280 Caucasi
565 2243 723 2289 alpibus
756 2243 918 2279 Kasbek
948 2247 986 2279 et
1023 2242 1260 2289 Tufandagh
1296 2242 1440 2279 7-9000‘
1471 2243 1531 2282 ((1.
1552 2243 1594 2276 Α.
1618 2241 1746 2286 Mem).
1780 2242 1817 2275 in

111 2292 425 2383 {agiomssalpiua
445 2290 668 2326 Tuschetiae
686 2294 724 2326 et
746 2291 1023 2337 Dagliestaniae
1047 2292 1214 2327 Caucasi
1243 2290 1445 2326 orientalis
1467 2300 1591 2335 usque
1618 2288 1667 2323 ad
1691 2289 1817 2324 lo-SOO'

172 2349 244 2385 upr
289 2367 295 2373 .

174 2431 214 2468 y.
238 2410 471 2453 dolosa—
492 2409 695 2452 Panicula
719 2412 899 2461 angusta
921 2408 1215 2461 depauperata
1237 2419 1327 2448 var.
1344 2406 1389 2460 β.
1412 2405 1487 2447 scd
1515 2404 1609 2446 lolia
1634 2407 1818 2455 anguste

115 2470 294 2512 linearia
318 2469 647 2513 subconvoluta.
680 2492 733 2498 —
756 2468 803 2509 P.
835 2467 986 2509 dolosa
1008 2465 1160 2520 ,Boias
1196 2469 1239 2508 et
1271 2466 1420 2507 Heldr.
1454 2464 1606 2516 Diagn.
1645 2464 1734 2504 Ser.
1766 2461 1818 2514 ll,

164 2601 266 2637 Hah.
289 2603 328 2636 in
348 2602 507 2648 pascuis
527 2600 672 2647 alpinis
693 2599 853 2646 Olympi
872 2599 1055 2635 Thessali
1075 2598 1226 2643 (Heldr.
1248 2609 1328 2633 exs.
1349 2598 1440 2632 ‘2544
1455 2598 1494 2642 l).

163 2659 318 2705 Species
337 2659 543 2694 variabilis
563 2659 674 2704 eujus
701 2658 836 2693 formae
856 2656 1060 2692 nonnullae
1091 2656 1203 2691 facile
1236 2656 1530 2691 confunduntur
1557 2664 1646 2689 cum
1683 2653 1725 2688 Ι).
1756 2664 1817 2691 ne-

117 2705 265 2742 morali
283 2706 410 2742 radice
432 2707 498 2741 vix
531 2705 774 2749 stolonisera,
797 2704 910 2739 nodis
930 2704 1049 2739 culini
1081 2703 1300 2747 denudatis,
1334 2702 1493 2748 spiculis·
1525 2700 1816 2736 ovato-lanceo-

118 2752 208 2788 latis
225 2757 306 2798 etc„
329 2757 458 2789 tamen
479 2754 619 2788 aliena.
644 2752 822 2787 Varie-tas
844 2751 866 2798 β
889 2751 937 2786 ad
965 2754 1101 2797 typum
1139 2750 1381 2785 intermediis
1417 2749 1636 2783 manifestis
1671 2750 1820 2791 transit,

118 2811 136 2835 s
167 2800 335 2835 ecimina
357 2803 441 2846 ejus
459 2801 613 2835 Altaica
643 2809 720 2834 non
750 2799 832 2834 vidi
863 2798 930 2833 sed
965 2809 1011 2833 ea
1043 2808 1091 2833 cx
1123 2798 1233 2832 icone
1270 2800 1308 2832 ct
1340 2796 1598 2842 descriptione
1634 2796 1709 2830 liuc
1743 2798 1819 2831 tere

119 2857 140 2882 a
171 2857 267 2894 sque
285 2848 406 2882 dubi«)
425 2850 612 2894 spectant.
634 2847 724 2881 Var.
743 2846 960 2892 7.dcni‹1ue
981 2846 1079 2880 facie
1100 2844 1227 2880 Poam
1245 2843 1390 2879 laxam
1410 2843 1473 2877 vol
1505 2843 1697 2877 ‘tainorum
1725 2845 1818 2878 rese-

118 2904 206 2929 rens
225 2894 276 2930 ob
291 2894 455 2941 ligulam
470 2895 631 2930 brevem
651 2893 831 2928 obtusam
853 2895 1031 2939 aliasque
1054 2895 1166 2927 notas
1187 2892 1238 2927 ab
1258 2892 1315 2926 eis
1339 2890 1454 2935 louge
1475 2890 1600 2925 differt
1625 2895 1661 2924 et
1684 2891 1757 2925 buc
1779 2894 1820 2924 ut

121 2941 246 2977 forma
268 2941 522 2988 stenopliylla
537 2941 700 2976 omniuo
719 2943 892 2987 spectare
910 2940 1083 2983 videtur3
1099 2949 1146 2974 ex
1167 2940 1281 2974 unico
1299 2938 1513 2984 specimine
1528 2942 1712 2974 etmertllll
1730 2941 1820 2972 uota

117 2991 178 3024 est
197 2992 234 3024 et
255 2988 419 3024 ulterius
443 2988 731 3034 investiganda.
