<?xml version="1.0" encoding="UTF-8"?>
<!DOCTYPE html PUBLIC "-//W3C//DTD XHTML 1.0 Transitional//EN"
    "http://www.w3.org/TR/xhtml1/DTD/xhtml1-transitional.dtd">
<html xmlns="http://www.w3.org/1999/xhtml" xml:lang="en" lang="en">
 <head>
  <title>
</title>
<meta http-equiv="Content-Type" content="text/html;charset=utf-8" />
  <meta name='ocr-system' content='tesseract 3.04.00' />
  <meta name='ocr-capabilities' content='ocr_page ocr_carea ocr_par ocr_line ocrx_word'/>
</head>
<body>
  <div class='ocr_page' id='page_1' title='image "./floraorientaliss05bois/floraorientaliss05bois_0751.png"; bbox 0 0 2089 3246; ppageno 0'>
   <div class='ocr_carea' id='block_1_1' title="bbox 133 207 1834 256">
    <p class='ocr_par' dir='ltr' id='par_1_1' title="bbox 133 207 1834 256">
     <span class='ocr_line' id='line_1_1' title="bbox 133 207 1834 256; baseline -0.002 -11"><span class='ocrx_word' id='word_1_1' title='bbox 133 207 372 256; x_wconf 78' lang='lat' dir='ltr'>Eqm&#39;setum.</span> <span class='ocrx_word' id='word_1_2' title='bbox 842 215 1128 246; x_wconf 64' lang='lat' dir='ltr'>Eoctsm-ACEAE</span> <span class='ocrx_word' id='word_1_3' title='bbox 1760 210 1834 246; x_wconf 79' lang='lat'>743</span> 
     </span>
    </p>
   </div>
   <div class='ocr_carea' id='block_1_2' title="bbox 129 296 1830 475">
    <p class='ocr_par' dir='ltr' id='par_1_2' title="bbox 129 296 1830 475">
     <span class='ocr_line' id='line_1_2' title="bbox 130 296 1830 353; baseline 0.002 -15"><span class='ocrx_word' id='word_1_4' title='bbox 130 298 230 353; x_wconf 89' lang='lat' dir='ltr'>plus</span> <span class='ocrx_word' id='word_1_5' title='bbox 253 296 397 339; x_wconf 87' lang='lat' dir='ltr'>miuus</span> <span class='ocrx_word' id='word_1_6' title='bbox 420 296 631 349; x_wconf 86' lang='lat' dir='ltr'>elongatis</span> <span class='ocrx_word' id='word_1_7' title='bbox 658 296 723 338; x_wconf 85' lang='lat' dir='ltr'>vel</span> <span class='ocrx_word' id='word_1_8' title='bbox 753 309 774 337; x_wconf 88' lang='lat' dir='ltr'>a</span> <span class='ocrx_word' id='word_1_9' title='bbox 803 296 891 338; x_wconf 88' lang='lat' dir='ltr'>basi</span> <span class='ocrx_word' id='word_1_10' title='bbox 918 297 1102 340; x_wconf 80' lang='lat' dir='ltr'>ramosis</span> <span class='ocrx_word' id='word_1_11' title='bbox 1137 297 1453 350; x_wconf 81' lang='lat' dir='ltr'>subcespitosis</span> <span class='ocrx_word' id='word_1_12' title='bbox 1483 297 1702 340; x_wconf 86' lang='lat' dir='ltr'>interdum</span> <span class='ocrx_word' id='word_1_13' title='bbox 1726 300 1830 342; x_wconf 88' lang='lat' dir='ltr'>sim-</span> 
     </span>
     <span class='ocr_line' id='line_1_3' title="bbox 129 354 1602 411; baseline 0 -13"><span class='ocrx_word' id='word_1_14' title='bbox 129 356 316 411; x_wconf 80' lang='lat' dir='ltr'>plicibus</span> <span class='ocrx_word' id='word_1_15' title='bbox 342 355 482 397; x_wconf 90' lang='lat' dir='ltr'>nudis.</span> <span class='ocrx_word' id='word_1_16' title='bbox 510 379 563 385; x_wconf 90' lang='lat'>—</span> <span class='ocrx_word' id='word_1_17' title='bbox 583 354 631 396; x_wconf 91' lang='lat' dir='ltr'>E.</span> <span class='ocrx_word' id='word_1_18' title='bbox 650 354 923 406; x_wconf 63' lang='lat' dir='ltr'>vav-ieqatnm</span> <span class='ocrx_word' id='word_1_19' title='bbox 951 356 1062 409; x_wconf 83' lang='lat' dir='ltr'>ssory</span> <span class='ocrx_word' id='word_1_20' title='bbox 1089 356 1147 398; x_wconf 81' lang='lat' dir='ltr'>Fl.</span> <span class='ocrx_word' id='word_1_21' title='bbox 1170 356 1257 398; x_wconf 88' lang='lat' dir='ltr'>Pel.</span> <span class='ocrx_word' id='word_1_22' title='bbox 1278 369 1360 398; x_wconf 83' lang='lat' dir='ltr'>non</span> <span class='ocrx_word' id='word_1_23' title='bbox 1392 356 1602 399; x_wconf 83' lang='lat' dir='ltr'>Selileicli.</span> 
     </span>
     <span class='ocr_line' id='line_1_4' title="bbox 178 427 1829 475; baseline 0.002 -11"><span class='ocrx_word' id='word_1_24' title='bbox 178 429 280 465; x_wconf 85' lang='lat' dir='ltr'>Hah.</span> <span class='ocrx_word' id='word_1_25' title='bbox 303 428 452 475; x_wconf 85' lang='lat' dir='ltr'>ubique</span> <span class='ocrx_word' id='word_1_26' title='bbox 478 428 518 463; x_wconf 91' lang='lat' dir='ltr'>in</span> <span class='ocrx_word' id='word_1_27' title='bbox 541 428 714 464; x_wconf 83' lang='lat' dir='ltr'>arenosis</span> <span class='ocrx_word' id='word_1_28' title='bbox 737 427 914 464; x_wconf 87' lang='lat' dir='ltr'>humidis</span> <span class='ocrx_word' id='word_1_29' title='bbox 934 432 971 464; x_wconf 87' lang='lat' dir='ltr'>et</span> <span class='ocrx_word' id='word_1_30' title='bbox 991 430 1106 465; x_wconf 84' lang='lat' dir='ltr'>siccis</span> <span class='ocrx_word' id='word_1_31' title='bbox 1126 440 1145 464; x_wconf 85' lang='lat' dir='ltr'>a</span> <span class='ocrx_word' id='word_1_32' title='bbox 1169 430 1338 465; x_wconf 63' lang='lat' dir='ltr'>Graeciatl</span> <span class='ocrx_word' id='word_1_33' title='bbox 1359 429 1410 464; x_wconf 75' lang='lat' dir='ltr'>ad</span> <span class='ocrx_word' id='word_1_34' title='bbox 1437 430 1594 475; x_wconf 80' lang='lat' dir='ltr'>Syriam</span> <span class='ocrx_word' id='word_1_35' title='bbox 1616 431 1829 467; x_wconf 62' lang='lat' dir='ltr'>littoralem</span> 
     </span>
    </p>
   </div>
   <div class='ocr_carea' id='block_1_3' title="bbox 126 475 1830 568">
    <p class='ocr_par' dir='ltr' id='par_1_3' title="bbox 126 475 1830 568">
     <span class='ocr_line' id='line_1_5' title="bbox 127 475 1830 524; baseline 0.001 -12"><span class='ocrx_word' id='word_1_36' title='bbox 127 479 166 512; x_wconf 85' lang='lat' dir='ltr'>et</span> <span class='ocrx_word' id='word_1_37' title='bbox 186 477 409 512; x_wconf 88' lang='lat' dir='ltr'>interiorem</span> <span class='ocrx_word' id='word_1_38' title='bbox 430 475 513 519; x_wconf 79' lang='grc' dir='ltr'>(ΒΗ</span> <span class='ocrx_word' id='word_1_39' title='bbox 535 475 690 520; x_wconf 74' lang='lat' dir='ltr'>Gauii),</span> <span class='ocrx_word' id='word_1_40' title='bbox 715 486 822 522; x_wconf 87' lang='lat' dir='ltr'>prov.</span> <span class='ocrx_word' id='word_1_41' title='bbox 853 476 1120 520; x_wconf 75' lang='lat' dir='ltr'>Caucasio-ast,</span> <span class='ocrx_word' id='word_1_42' title='bbox 1148 478 1325 512; x_wconf 64' lang='lat' dir='ltr'>Pers-iam</span> <span class='ocrx_word' id='word_1_43' title='bbox 1353 477 1485 522; x_wconf 82' lang='lat' dir='ltr'>(Aitcli</span> <span class='ocrx_word' id='word_1_44' title='bbox 1503 480 1542 524; x_wconf 78' lang='lat' dir='ltr'>t),</span> <span class='ocrx_word' id='word_1_45' title='bbox 1577 478 1830 524; x_wconf 73' lang='lat' dir='ltr'>Alfglianiaui</span> 
     </span>
     <span class='ocr_line' id='line_1_6' title="bbox 126 522 826 568; baseline 0 -10"><span class='ocrx_word' id='word_1_46' title='bbox 126 523 312 568; x_wconf 58' lang='lat' dir='ltr'>(Aaou),</span> <span class='ocrx_word' id='word_1_47' title='bbox 330 522 600 558; x_wconf 86' lang='lat' dir='ltr'>Belutschiam</span> <span class='ocrx_word' id='word_1_48' title='bbox 620 522 826 568; x_wconf 76' lang='lat' dir='ltr'>(Stocksi).</span> 
     </span>
    </p>
   </div>
   <div class='ocr_carea' id='block_1_4' title="bbox 126 586 1834 726">
    <p class='ocr_par' dir='ltr' id='par_1_4' title="bbox 126 586 1834 726">
     <span class='ocr_line' id='line_1_7' title="bbox 175 586 1833 633; baseline 0.002 -10"><span class='ocrx_word' id='word_1_49' title='bbox 175 589 237 623; x_wconf 73' lang='lat' dir='ltr'>Ar.</span> <span class='ocrx_word' id='word_1_50' title='bbox 263 588 398 633; x_wconf 73' lang='lat' dir='ltr'>Geoqr.</span> <span class='ocrx_word' id='word_1_51' title='bbox 422 587 584 633; x_wconf 85' lang='lat' dir='ltr'>Europa</span> <span class='ocrx_word' id='word_1_52' title='bbox 616 586 744 623; x_wconf 84' lang='lat' dir='ltr'>media</span> <span class='ocrx_word' id='word_1_53' title='bbox 773 591 809 623; x_wconf 89' lang='lat' dir='ltr'>et</span> <span class='ocrx_word' id='word_1_54' title='bbox 840 589 1029 623; x_wconf 78' lang='lat' dir='ltr'>australis</span> <span class='ocrx_word' id='word_1_55' title='bbox 1059 599 1080 623; x_wconf 80' lang='lat' dir='ltr'>a</span> <span class='ocrx_word' id='word_1_56' title='bbox 1112 588 1328 624; x_wconf 70' lang='lat' dir='ltr'>Germania</span> <span class='ocrx_word' id='word_1_57' title='bbox 1354 589 1401 623; x_wconf 82' lang='lat' dir='ltr'>ad</span> <span class='ocrx_word' id='word_1_58' title='bbox 1435 588 1616 625; x_wconf 83' lang='lat' dir='ltr'>Rossiam</span> <span class='ocrx_word' id='word_1_59' title='bbox 1649 591 1833 626; x_wconf 72' lang='lat' dir='ltr'>mediam’</span> 
     </span>
     <span class='ocr_line' id='line_1_8' title="bbox 126 633 1834 682; baseline 0.002 -12"><span class='ocrx_word' id='word_1_60' title='bbox 126 634 275 670; x_wconf 86' lang='lat' dir='ltr'>Sibiria</span> <span class='ocrx_word' id='word_1_61' title='bbox 295 633 498 670; x_wconf 85' lang='lat' dir='ltr'>Uralensis</span> <span class='ocrx_word' id='word_1_62' title='bbox 518 638 555 670; x_wconf 87' lang='lat' dir='ltr'>et</span> <span class='ocrx_word' id='word_1_63' title='bbox 571 634 735 676; x_wconf 76' lang='lat' dir='ltr'>Altaica,</span> <span class='ocrx_word' id='word_1_64' title='bbox 758 635 862 680; x_wconf 72' lang='lat' dir='ltr'>regio</span> <span class='ocrx_word' id='word_1_65' title='bbox 884 635 1120 680; x_wconf 79' lang='lat' dir='ltr'>Himalaica,</span> <span class='ocrx_word' id='word_1_66' title='bbox 1139 636 1321 682; x_wconf 79' lang='lat' dir='ltr'>Japonia,</span> <span class='ocrx_word' id='word_1_67' title='bbox 1341 636 1470 671; x_wconf 73' lang='lat' dir='ltr'>Africa</span> <span class='ocrx_word' id='word_1_68' title='bbox 1490 636 1659 672; x_wconf 73' lang='lat' dir='ltr'>borealis·</span> <span class='ocrx_word' id='word_1_69' title='bbox 1678 641 1712 673; x_wconf 88' lang='lat' dir='ltr'>et</span> <span class='ocrx_word' id='word_1_70' title='bbox 1740 649 1834 674; x_wconf 85' lang='lat' dir='ltr'>aus-</span> 
     </span>
     <span class='ocr_line' id='line_1_9' title="bbox 129 681 882 726; baseline -0.001 -9"><span class='ocrx_word' id='word_1_71' title='bbox 129 681 250 726; x_wconf 77' lang='lat' dir='ltr'>tralis,</span> <span class='ocrx_word' id='word_1_72' title='bbox 269 683 450 717; x_wconf 84' lang='lat' dir='ltr'>America</span> <span class='ocrx_word' id='word_1_73' title='bbox 475 681 606 717; x_wconf 82' lang='lat' dir='ltr'>media</span> <span class='ocrx_word' id='word_1_74' title='bbox 627 684 664 717; x_wconf 92' lang='lat' dir='ltr'>et</span> <span class='ocrx_word' id='word_1_75' title='bbox 684 683 882 717; x_wconf 85' lang='lat' dir='ltr'>australis.</span> 
     </span>
    </p>
   </div>
   <div class='ocr_carea' id='block_1_5' title="bbox 128 801 1834 1433">
    <p class='ocr_par' dir='ltr' id='par_1_5' title="bbox 128 801 1834 1267">
     <span class='ocr_line' id='line_1_10' title="bbox 190 801 1834 857; baseline 0.002 -13"><span class='ocrx_word' id='word_1_76' title='bbox 190 804 228 844; x_wconf 83' lang='lat'>7.</span> <span class='ocrx_word' id='word_1_77' title='bbox 254 803 310 846; x_wconf 84' lang='lat' dir='ltr'>E.</span> <span class='ocrx_word' id='word_1_78' title='bbox 340 801 614 856; x_wconf 83' lang='lat' dir='ltr'><strong>hyemale</strong></span> <span class='ocrx_word' id='word_1_79' title='bbox 636 801 699 856; x_wconf 82' lang='lat' dir='ltr'>(L.</span> <span class='ocrx_word' id='word_1_80' title='bbox 726 802 797 857; x_wconf 89' lang='lat' dir='ltr'>Sp.</span> <span class='ocrx_word' id='word_1_81' title='bbox 825 804 953 855; x_wconf 77' lang='lat'>1517)</span> <span class='ocrx_word' id='word_1_82' title='bbox 975 803 1131 857; x_wconf 84' lang='lat' dir='ltr'>pallide</span> <span class='ocrx_word' id='word_1_83' title='bbox 1160 803 1324 852; x_wconf 80' lang='lat' dir='ltr'>virenS‚</span> <span class='ocrx_word' id='word_1_84' title='bbox 1354 804 1550 846; x_wconf 88' lang='lat' dir='ltr'>caulibus</span> <span class='ocrx_word' id='word_1_85' title='bbox 1578 805 1702 846; x_wconf 81' lang='lat' dir='ltr'>elatis</span> <span class='ocrx_word' id='word_1_86' title='bbox 1729 806 1834 847; x_wconf 83' lang='lat' dir='ltr'>sim-</span> 
     </span>
     <span class='ocr_line' id='line_1_11' title="bbox 131 861 1833 916; baseline 0.001 -12"><span class='ocrx_word' id='word_1_87' title='bbox 131 862 316 916; x_wconf 78' lang='lat' dir='ltr'>plicibus</span> <span class='ocrx_word' id='word_1_88' title='bbox 360 861 490 904; x_wconf 87' lang='lat' dir='ltr'>nudis</span> <span class='ocrx_word' id='word_1_89' title='bbox 529 861 730 904; x_wconf 87' lang='lat' dir='ltr'>omnibus</span> <span class='ocrx_word' id='word_1_90' title='bbox 773 864 1070 905; x_wconf 71' lang='lat' dir='ltr'>conformibus</span> <span class='ocrx_word' id='word_1_91' title='bbox 1114 863 1446 905; x_wconf 68' lang='lat' dir='ltr'>14-20-costatis</span> <span class='ocrx_word' id='word_1_92' title='bbox 1494 865 1664 915; x_wconf 84' lang='lat' dir='ltr'>asperis</span> <span class='ocrx_word' id='word_1_93' title='bbox 1702 865 1833 907; x_wconf 71' lang='lat' dir='ltr'>costis·</span> 
     </span>
     <span class='ocr_line' id='line_1_12' title="bbox 128 921 1832 976; baseline 0.002 -14"><span class='ocrx_word' id='word_1_94' title='bbox 128 922 350 974; x_wconf 82' lang='lat' dir='ltr'>convexis,</span> <span class='ocrx_word' id='word_1_95' title='bbox 378 921 544 973; x_wconf 81' lang='lat' dir='ltr'>vaginis</span> <span class='ocrx_word' id='word_1_96' title='bbox 567 921 816 974; x_wconf 88' lang='lat' dir='ltr'>cylindricis</span> <span class='ocrx_word' id='word_1_97' title='bbox 846 923 978 964; x_wconf 86' lang='lat' dir='ltr'>arctis</span> <span class='ocrx_word' id='word_1_98' title='bbox 1001 921 1091 963; x_wconf 85' lang='lat' dir='ltr'>basi</span> <span class='ocrx_word' id='word_1_99' title='bbox 1119 922 1430 974; x_wconf 78' lang='lat' dir='ltr'>nigro-zonatis</span> <span class='ocrx_word' id='word_1_100' title='bbox 1460 922 1675 964; x_wconf 80' lang='lat' dir='ltr'>indentes</span> <span class='ocrx_word' id='word_1_101' title='bbox 1703 925 1832 976; x_wconf 78' lang='lat' dir='ltr'>nigri-</span> 
     </span>
     <span class='ocr_line' id='line_1_13' title="bbox 128 980 1833 1036; baseline 0.002 -14"><span class='ocrx_word' id='word_1_102' title='bbox 128 985 278 1022; x_wconf 82' lang='lat' dir='ltr'>cantes</span> <span class='ocrx_word' id='word_1_103' title='bbox 308 980 566 1022; x_wconf 88' lang='lat' dir='ltr'>rotundatos</span> <span class='ocrx_word' id='word_1_104' title='bbox 593 981 773 1022; x_wconf 84' lang='lat' dir='ltr'>obtusos</span> <span class='ocrx_word' id='word_1_105' title='bbox 805 981 1146 1035; x_wconf 80' lang='lat' dir='ltr'>quadristriatos</span> <span class='ocrx_word' id='word_1_106' title='bbox 1179 982 1377 1024; x_wconf 72' lang='lat' dir='ltr'>acumine</span> <span class='ocrx_word' id='word_1_107' title='bbox 1418 981 1653 1024; x_wconf 84' lang='lat' dir='ltr'>lanceolato</span> <span class='ocrx_word' id='word_1_108' title='bbox 1690 984 1833 1036; x_wconf 81' lang='lat' dir='ltr'>crispo</span> 
     </span>
     <span class='ocr_line' id='line_1_14' title="bbox 130 1039 1831 1094; baseline 0.001 -14"><span class='ocrx_word' id='word_1_109' title='bbox 130 1039 461 1082; x_wconf 78' lang='lat' dir='ltr'>membranaceo</span> <span class='ocrx_word' id='word_1_110' title='bbox 504 1039 586 1081; x_wconf 89' lang='lat' dir='ltr'>cito</span> <span class='ocrx_word' id='word_1_111' title='bbox 623 1039 810 1082; x_wconf 84' lang='lat' dir='ltr'>evanido</span> <span class='ocrx_word' id='word_1_112' title='bbox 843 1041 1101 1083; x_wconf 79' lang='lat' dir='ltr'>terminatos</span> <span class='ocrx_word' id='word_1_113' title='bbox 1142 1041 1420 1090; x_wconf 81' lang='lat' dir='ltr'>abeuntibus,</span> <span class='ocrx_word' id='word_1_114' title='bbox 1454 1042 1572 1094; x_wconf 65' lang='lat' dir='ltr'>spicit</span> <span class='ocrx_word' id='word_1_115' title='bbox 1613 1043 1831 1084; x_wconf 79' lang='lat' dir='ltr'>terminali</span> 
     </span>
     <span class='ocr_line' id='line_1_15' title="bbox 128 1098 1832 1144; baseline 0.001 -5"><span class='ocrx_word' id='word_1_116' title='bbox 128 1098 323 1140; x_wconf 78' lang='lat' dir='ltr'>solitaria</span> <span class='ocrx_word' id='word_1_117' title='bbox 374 1105 433 1144; x_wconf 56' lang='grc' dir='ltr'>πό.</span> <span class='ocrx_word' id='word_1_118' title='bbox 475 1098 528 1140; x_wconf 86' lang='lat' dir='ltr'>lc.</span> <span class='ocrx_word' id='word_1_119' title='bbox 552 1099 615 1139; x_wconf 90' lang='lat' dir='ltr'>Fl.</span> <span class='ocrx_word' id='word_1_120' title='bbox 642 1099 750 1140; x_wconf 89' lang='lat' dir='ltr'>Dan.</span> <span class='ocrx_word' id='word_1_121' title='bbox 776 1099 860 1140; x_wconf 84' lang='lat' dir='ltr'>tab.</span> <span class='ocrx_word' id='word_1_122' title='bbox 896 1101 1018 1141; x_wconf 78' lang='lat'>1409,</span> <span class='ocrx_word' id='word_1_123' title='bbox 1051 1123 1098 1127; x_wconf 93' lang='lat'><em>—</em></span> <span class='ocrx_word' id='word_1_124' title='bbox 1130 1098 1254 1142; x_wconf 80' lang='lat' dir='ltr'>Scbk.</span> <span class='ocrx_word' id='word_1_125' title='bbox 1285 1100 1367 1140; x_wconf 70' lang='lat'>1702</span> <span class='ocrx_word' id='word_1_126' title='bbox 1398 1120 1436 1142; x_wconf 64' lang='grc' dir='ltr'>α.</span> <span class='ocrx_word' id='word_1_127' title='bbox 1460 1124 1514 1129; x_wconf 80' lang='lat'><em>—</em></span> <span class='ocrx_word' id='word_1_128' title='bbox 1544 1098 1594 1140; x_wconf 87' lang='lat' dir='ltr'>E.</span> <span class='ocrx_word' id='word_1_129' title='bbox 1624 1104 1832 1142; x_wconf 59' lang='lat' dir='ltr'>sonatum</span> 
     </span>
     <span class='ocr_line' id='line_1_16' title="bbox 128 1156 1832 1212; baseline 0.002 -14"><span class='ocrx_word' id='word_1_130' title='bbox 128 1156 243 1198; x_wconf 82' lang='lat' dir='ltr'>Friv.</span> <span class='ocrx_word' id='word_1_131' title='bbox 263 1181 322 1188; x_wconf 91' lang='lat'>—</span> <span class='ocrx_word' id='word_1_132' title='bbox 347 1156 496 1199; x_wconf 87' lang='lat' dir='ltr'>Variat</span> <span class='ocrx_word' id='word_1_133' title='bbox 523 1157 718 1199; x_wconf 79' lang='lat' dir='ltr'>caulibus</span> <span class='ocrx_word' id='word_1_134' title='bbox 748 1158 1128 1208; x_wconf 69' lang='lat' dir='ltr'>sulneimiorilms,</span> <span class='ocrx_word' id='word_1_135' title='bbox 1158 1158 1655 1212; x_wconf 61' lang='lat' dir='ltr'>vaginislpallidiorilins</span> <span class='ocrx_word' id='word_1_136' title='bbox 1685 1160 1832 1202; x_wconf 90' lang='lat' dir='ltr'>minus</span> 
     </span>
     <span class='ocr_line' id='line_1_17' title="bbox 130 1215 928 1267; baseline -0.001 -10"><span class='ocrx_word' id='word_1_137' title='bbox 130 1217 273 1259; x_wconf 84' lang='lat' dir='ltr'>aretis.</span> <span class='ocrx_word' id='word_1_138' title='bbox 295 1241 343 1246; x_wconf 93' lang='lat'>—</span> <span class='ocrx_word' id='word_1_139' title='bbox 364 1216 413 1258; x_wconf 90' lang='lat' dir='ltr'>E.</span> <span class='ocrx_word' id='word_1_140' title='bbox 440 1215 691 1267; x_wconf 77' lang='lat' dir='ltr'>paleaeeum</span> <span class='ocrx_word' id='word_1_141' title='bbox 715 1216 928 1260; x_wconf 79' lang='lat' dir='ltr'>Sclileicli.</span> 
     </span>
    </p>

    <p class='ocr_par' dir='ltr' id='par_1_6' title="bbox 129 1290 1834 1420">
     <span class='ocr_line' id='line_1_18' title="bbox 178 1290 1834 1338; baseline 0.002 -13"><span class='ocrx_word' id='word_1_142' title='bbox 178 1290 268 1326; x_wconf 85' lang='lat' dir='ltr'>Hah</span> <span class='ocrx_word' id='word_1_143' title='bbox 301 1292 339 1327; x_wconf 89' lang='lat' dir='ltr'>in</span> <span class='ocrx_word' id='word_1_144' title='bbox 360 1291 536 1326; x_wconf 83' lang='lat' dir='ltr'>humidis</span> <span class='ocrx_word' id='word_1_145' title='bbox 562 1294 602 1326; x_wconf 86' lang='lat' dir='ltr'>et</span> <span class='ocrx_word' id='word_1_146' title='bbox 622 1291 831 1334; x_wconf 57' lang='lat' dir='ltr'>uliginosis·</span> <span class='ocrx_word' id='word_1_147' title='bbox 851 1293 1057 1336; x_wconf 71' lang='lat' dir='ltr'>regionum</span> <span class='ocrx_word' id='word_1_148' title='bbox 1090 1293 1215 1338; x_wconf 75' lang='lat' dir='ltr'>magis</span> <span class='ocrx_word' id='word_1_149' title='bbox 1247 1292 1633 1338; x_wconf 80' lang='lat' dir='ltr'>septentrionalium.</span> <span class='ocrx_word' id='word_1_150' title='bbox 1665 1293 1834 1328; x_wconf 76' lang='lat' dir='ltr'>Thracia</span> 
     </span>
     <span class='ocr_line' id='line_1_19' title="bbox 129 1338 1834 1420; baseline 0.001 -46"><span class='ocrx_word' id='word_1_151' title='bbox 129 1348 254 1420; x_wconf 65' lang='lat' dir='ltr'>Erope</span> <span class='ocrx_word' id='word_1_152' title='bbox 281 1338 580 1393; x_wconf 70' lang='lat' dir='ltr'>Pbilippopoliii</span> <span class='ocrx_word' id='word_1_153' title='bbox 609 1339 766 1392; x_wconf 52' lang='lat' dir='ltr'>(hivi),</span> <span class='ocrx_word' id='word_1_154' title='bbox 794 1339 985 1385; x_wconf 74' lang='lat' dir='ltr'>Bithynia</span> <span class='ocrx_word' id='word_1_155' title='bbox 1006 1341 1045 1374; x_wconf 87' lang='lat' dir='ltr'>in</span> <span class='ocrx_word' id='word_1_156' title='bbox 1073 1339 1242 1393; x_wconf 81' lang='lat' dir='ltr'>Olympo</span> <span class='ocrx_word' id='word_1_157' title='bbox 1270 1339 1444 1392; x_wconf 76' lang='lat' dir='ltr'>Bithyno</span> <span class='ocrx_word' id='word_1_158' title='bbox 1478 1340 1652 1391; x_wconf 45' lang='lat' dir='ltr'>(Sibtb.)</span> <span class='ocrx_word' id='word_1_159' title='bbox 1686 1342 1834 1376; x_wconf 81' lang='lat' dir='ltr'>Pontus</span> 
     </span>
    </p>

    <p class='ocr_par' dir='ltr' id='par_1_7' title="bbox 163 1385 1589 1433">
     <span class='ocr_line' id='line_1_20' title="bbox 163 1385 1589 1433; baseline 0.001 -13"><span class='ocrx_word' id='word_1_160' title='bbox 163 1396 293 1422; x_wconf 65' lang='lat' dir='ltr'>szicus</span> <span class='ocrx_word' id='word_1_161' title='bbox 314 1396 353 1421; x_wconf 90' lang='lat' dir='ltr'>1n</span> <span class='ocrx_word' id='word_1_162' title='bbox 376 1385 482 1421; x_wconf 88' lang='lat' dir='ltr'>valle</span> <span class='ocrx_word' id='word_1_163' title='bbox 505 1386 643 1431; x_wconf 78' lang='lat' dir='ltr'>DJmnl</span> <span class='ocrx_word' id='word_1_164' title='bbox 660 1386 750 1430; x_wconf 65' lang='lat' dir='ltr'>(Ital</span> <span class='ocrx_word' id='word_1_165' title='bbox 767 1388 806 1431; x_wconf 80' lang='lat' dir='ltr'>l),</span> <span class='ocrx_word' id='word_1_166' title='bbox 826 1389 1025 1422; x_wconf 77' lang='lat' dir='ltr'>Caucasus</span> <span class='ocrx_word' id='word_1_167' title='bbox 1052 1387 1372 1433; x_wconf 76' lang='lat' dir='ltr'>septentrionalis</span> <span class='ocrx_word' id='word_1_168' title='bbox 1394 1386 1543 1430; x_wconf 77' lang='lat' dir='ltr'>(Ledeh</span> <span class='ocrx_word' id='word_1_169' title='bbox 1561 1394 1589 1431; x_wconf 69' lang='lat' dir='ltr'>j.</span> 
     </span>
    </p>
   </div>
   <div class='ocr_carea' id='block_1_6' title="bbox 130 1449 1832 1544">
    <p class='ocr_par' dir='ltr' id='par_1_8' title="bbox 130 1449 1832 1544">
     <span class='ocr_line' id='line_1_21' title="bbox 180 1449 1832 1496; baseline 0.001 -10"><span class='ocrx_word' id='word_1_170' title='bbox 180 1451 242 1486; x_wconf 84' lang='lat' dir='ltr'>Ar.</span> <span class='ocrx_word' id='word_1_171' title='bbox 264 1451 400 1496; x_wconf 74' lang='lat' dir='ltr'>Geoqr.</span> <span class='ocrx_word' id='word_1_172' title='bbox 422 1449 581 1496; x_wconf 86' lang='lat' dir='ltr'>Europa</span> <span class='ocrx_word' id='word_1_173' title='bbox 603 1450 773 1486; x_wconf 79' lang='lat' dir='ltr'>borealis</span> <span class='ocrx_word' id='word_1_174' title='bbox 795 1454 832 1486; x_wconf 85' lang='lat' dir='ltr'>et</span> <span class='ocrx_word' id='word_1_175' title='bbox 851 1451 980 1486; x_wconf 87' lang='lat' dir='ltr'>media</span> <span class='ocrx_word' id='word_1_176' title='bbox 1010 1462 1031 1486; x_wconf 91' lang='lat' dir='ltr'>a</span> <span class='ocrx_word' id='word_1_177' title='bbox 1061 1451 1326 1486; x_wconf 73' lang='lat' dir='ltr'>scandinavia</span> <span class='ocrx_word' id='word_1_178' title='bbox 1359 1454 1396 1486; x_wconf 89' lang='lat' dir='ltr'>et</span> <span class='ocrx_word' id='word_1_179' title='bbox 1430 1451 1570 1486; x_wconf 68' lang='lat' dir='ltr'>Bossia</span> <span class='ocrx_word' id='word_1_180' title='bbox 1608 1452 1748 1488; x_wconf 70' lang='lat' dir='ltr'>arcticz‘i</span> <span class='ocrx_word' id='word_1_181' title='bbox 1785 1452 1832 1487; x_wconf 82' lang='lat' dir='ltr'>ad</span> 
     </span>
     <span class='ocr_line' id='line_1_22' title="bbox 130 1497 1716 1544; baseline 0.001 -12"><span class='ocrx_word' id='word_1_182' title='bbox 130 1497 363 1544; x_wconf 83' lang='lat' dir='ltr'>Hispaniam</span> <span class='ocrx_word' id='word_1_183' title='bbox 386 1497 599 1542; x_wconf 81' lang='lat' dir='ltr'>borealem,</span> <span class='ocrx_word' id='word_1_184' title='bbox 621 1498 775 1533; x_wconf 79' lang='lat' dir='ltr'>Italiam</span> <span class='ocrx_word' id='word_1_185' title='bbox 794 1498 1017 1542; x_wconf 81' lang='lat' dir='ltr'>centralem,</span> <span class='ocrx_word' id='word_1_186' title='bbox 1037 1499 1238 1544; x_wconf 83' lang='lat' dir='ltr'>regionem</span> <span class='ocrx_word' id='word_1_187' title='bbox 1264 1498 1540 1541; x_wconf 82' lang='lat' dir='ltr'>Danubialem,</span> <span class='ocrx_word' id='word_1_188' title='bbox 1561 1498 1716 1535; x_wconf 76' lang='lat' dir='ltr'>Sibiria.</span> 
     </span>
    </p>
   </div>
   <div class='ocr_carea' id='block_1_7' title="bbox 428 1693 1538 1879">
    <p class='ocr_par' dir='ltr' id='par_1_9' title="bbox 428 1693 1538 1879">
     <span class='ocr_line' id='line_1_23' title="bbox 428 1693 1538 1742; baseline 0.001 -2"><span class='ocrx_word' id='word_1_189' title='bbox 428 1693 592 1740; x_wconf 76' lang='lat' dir='ltr'>omi.</span> <span class='ocrx_word' id='word_1_190' title='bbox 648 1694 886 1741; x_wconf 69' lang='lat' dir='ltr'>cxvm.</span> <span class='ocrx_word' id='word_1_191' title='bbox 942 1693 1538 1742; x_wconf 72' lang='lat' dir='ltr'><strong>LYCOPODIACEAE.</strong></span> 
     </span>
     <span class='ocr_line' id='line_1_24' title="bbox 695 1824 1269 1879; baseline 0 -13"><span class='ocrx_word' id='word_1_192' title='bbox 695 1825 745 1867; x_wconf 90' lang='lat' dir='ltr'>D.</span> <span class='ocrx_word' id='word_1_193' title='bbox 770 1824 813 1868; x_wconf 85' lang='lat' dir='ltr'>c.</span> <span class='ocrx_word' id='word_1_194' title='bbox 840 1825 902 1866; x_wconf 86' lang='lat' dir='ltr'>Fl.</span> <span class='ocrx_word' id='word_1_195' title='bbox 930 1825 1139 1879; x_wconf 77' lang='lat' dir='ltr'>F1·.11,p.</span> <span class='ocrx_word' id='word_1_196' title='bbox 1172 1827 1269 1867; x_wconf 75' lang='lat'>257</span> 
     </span>
    </p>
   </div>
   <div class='ocr_carea' id='block_1_8' title="bbox 123 1953 1835 2246">
    <p class='ocr_par' dir='ltr' id='par_1_10' title="bbox 123 1953 1835 2246">
     <span class='ocr_line' id='line_1_25' title="bbox 187 1953 1833 2008; baseline -0.001 -10"><span class='ocrx_word' id='word_1_197' title='bbox 187 1955 344 1998; x_wconf 83' lang='lat' dir='ltr'>Caules</span> <span class='ocrx_word' id='word_1_198' title='bbox 369 1955 615 1998; x_wconf 72' lang='lat' dir='ltr'>alternatim</span> <span class='ocrx_word' id='word_1_199' title='bbox 644 1955 804 1996; x_wconf 83' lang='lat' dir='ltr'>ramosi</span> <span class='ocrx_word' id='word_1_200' title='bbox 831 1956 899 1997; x_wconf 87' lang='lat' dir='ltr'>vel</span> <span class='ocrx_word' id='word_1_201' title='bbox 935 1953 1166 1996; x_wconf 76' lang='lat' dir='ltr'>diclwtomi</span> <span class='ocrx_word' id='word_1_202' title='bbox 1194 1955 1323 1997; x_wconf 81' lang='lat' dir='ltr'>foliati</span> <span class='ocrx_word' id='word_1_203' title='bbox 1352 1955 1443 1996; x_wconf 82' lang='lat' dir='ltr'>basi</span> <span class='ocrx_word' id='word_1_204' title='bbox 1473 1956 1632 2008; x_wconf 78' lang='lat' dir='ltr'>saepius</span> <span class='ocrx_word' id='word_1_205' title='bbox 1658 1956 1833 1998; x_wconf 71' lang='lat' dir='ltr'>docum-</span> 
     </span>
     <span class='ocr_line' id='line_1_26' title="bbox 130 2014 1834 2068; baseline -0.001 -11"><span class='ocrx_word' id='word_1_206' title='bbox 130 2015 297 2058; x_wconf 83' lang='lat' dir='ltr'>bentes.</span> <span class='ocrx_word' id='word_1_207' title='bbox 323 2014 440 2058; x_wconf 87' lang='lat' dir='ltr'>Folia</span> <span class='ocrx_word' id='word_1_208' title='bbox 467 2014 745 2068; x_wconf 80' lang='lat' dir='ltr'>persistentia</span> <span class='ocrx_word' id='word_1_209' title='bbox 786 2026 1018 2057; x_wconf 85' lang='lat' dir='ltr'>numerosa</span> <span class='ocrx_word' id='word_1_210' title='bbox 1057 2014 1281 2067; x_wconf 72' lang='lat' dir='ltr'>spiraliter</span> <span class='ocrx_word' id='word_1_211' title='bbox 1309 2015 1374 2057; x_wconf 86' lang='lat' dir='ltr'>vel</span> <span class='ocrx_word' id='word_1_212' title='bbox 1416 2015 1664 2057; x_wconf 75' lang='lat' dir='ltr'>tetrasticho</span> <span class='ocrx_word' id='word_1_213' title='bbox 1687 2015 1834 2067; x_wconf 77' lang='lat' dir='ltr'>dispo-</span> 
     </span>
     <span class='ocr_line' id='line_1_27' title="bbox 129 2073 1831 2127; baseline -0.001 -11"><span class='ocrx_word' id='word_1_214' title='bbox 129 2075 212 2117; x_wconf 85' lang='lat' dir='ltr'>sita</span> <span class='ocrx_word' id='word_1_215' title='bbox 239 2075 425 2117; x_wconf 82' lang='lat' dir='ltr'>sessilia.</span> <span class='ocrx_word' id='word_1_216' title='bbox 462 2073 700 2127; x_wconf 79' lang='lat' dir='ltr'>Sporangia</span> <span class='ocrx_word' id='word_1_217' title='bbox 734 2073 777 2114; x_wconf 87' lang='lat' dir='ltr'>in</span> <span class='ocrx_word' id='word_1_218' title='bbox 814 2073 957 2114; x_wconf 79' lang='lat' dir='ltr'>axillis</span> <span class='ocrx_word' id='word_1_219' title='bbox 990 2074 1191 2115; x_wconf 76' lang='lat' dir='ltr'>foliorum</span> <span class='ocrx_word' id='word_1_220' title='bbox 1237 2074 1300 2116; x_wconf 78' lang='lat' dir='ltr'>vel</span> <span class='ocrx_word' id='word_1_221' title='bbox 1338 2074 1609 2115; x_wconf 82' lang='lat' dir='ltr'>caulinorum</span> <span class='ocrx_word' id='word_1_222' title='bbox 1639 2075 1831 2115; x_wconf 89' lang='lat' dir='ltr'>omnium</span> 
     </span>
     <span class='ocr_line' id='line_1_28' title="bbox 132 2132 1835 2187; baseline 0 -14"><span class='ocrx_word' id='word_1_223' title='bbox 132 2133 195 2175; x_wconf 73' lang='lat' dir='ltr'>vel</span> <span class='ocrx_word' id='word_1_224' title='bbox 216 2136 382 2175; x_wconf 84' lang='lat' dir='ltr'>tantuin</span> <span class='ocrx_word' id='word_1_225' title='bbox 423 2133 704 2187; x_wconf 82' lang='lat' dir='ltr'>superiorum</span> <span class='ocrx_word' id='word_1_226' title='bbox 734 2132 1124 2175; x_wconf 67' lang='lat' dir='ltr'>bractezeforniium</span> <span class='ocrx_word' id='word_1_227' title='bbox 1146 2133 1226 2174; x_wconf 79' lang='lat' dir='ltr'>sita</span> <span class='ocrx_word' id='word_1_228' title='bbox 1259 2133 1490 2175; x_wconf 82' lang='lat' dir='ltr'>uniformia</span> <span class='ocrx_word' id='word_1_229' title='bbox 1523 2133 1586 2174; x_wconf 82' lang='lat' dir='ltr'>vel</span> <span class='ocrx_word' id='word_1_230' title='bbox 1620 2132 1835 2175; x_wconf 81' lang='lat' dir='ltr'>biformia.</span> 
     </span>
     <span class='ocr_line' id='line_1_29' title="bbox 123 2187 1610 2246; baseline -0.001 -13"><span class='ocrx_word' id='word_1_231' title='bbox 123 2187 540 2246; x_wconf 72' lang='lat' dir='ltr'>(Macrosporaime&#39;a</span> <span class='ocrx_word' id='word_1_232' title='bbox 563 2196 605 2234; x_wconf 87' lang='lat' dir='ltr'>et</span> <span class='ocrx_word' id='word_1_233' title='bbox 634 2191 1055 2243; x_wconf 68' lang='lat' dir='ltr'>Microspomnma).</span> <span class='ocrx_word' id='word_1_234' title='bbox 1087 2216 1137 2221; x_wconf 92' lang='lat'>—</span> <span class='ocrx_word' id='word_1_235' title='bbox 1167 2192 1329 2233; x_wconf 66' lang='lat' dir='ltr'>Plantae</span> <span class='ocrx_word' id='word_1_236' title='bbox 1360 2196 1610 2234; x_wconf 78' lang='lat' dir='ltr'>terrestres.</span> 
     </span>
    </p>
   </div>
   <div class='ocr_carea' id='block_1_9' title="bbox 501 2367 1469 2429">
    <p class='ocr_par' dir='ltr' id='par_1_11' title="bbox 501 2367 1469 2429">
     <span class='ocr_line' id='line_1_30' title="bbox 501 2367 1469 2429; baseline -0.003 -12"><span class='ocrx_word' id='word_1_237' title='bbox 501 2367 818 2418; x_wconf 73' lang='lat' dir='ltr'>Li&#39;col’onfflm</span> <span class='ocrx_word' id='word_1_238' title='bbox 857 2368 913 2429; x_wconf 87' lang='lat' dir='ltr'>(L.</span> <span class='ocrx_word' id='word_1_239' title='bbox 950 2368 1049 2416; x_wconf 82' lang='lat' dir='ltr'>Gen.</span> <span class='ocrx_word' id='word_1_240' title='bbox 1087 2367 1204 2415; x_wconf 73' lang='lat'>1165</span> <span class='ocrx_word' id='word_1_241' title='bbox 1239 2381 1281 2416; x_wconf 79' lang='lat' dir='ltr'>ex</span> <span class='ocrx_word' id='word_1_242' title='bbox 1319 2369 1469 2429; x_wconf 76' lang='lat' dir='ltr'>parte).</span> 
     </span>
    </p>
   </div>
   <div class='ocr_carea' id='block_1_10' title="bbox 131 2501 1837 2678">
    <p class='ocr_par' dir='ltr' id='par_1_12' title="bbox 131 2501 1837 2678">
     <span class='ocr_line' id='line_1_31' title="bbox 190 2501 1835 2559; baseline -0.001 -11"><span class='ocrx_word' id='word_1_243' title='bbox 190 2505 430 2559; x_wconf 79' lang='lat' dir='ltr'>Sporangia</span> <span class='ocrx_word' id='word_1_244' title='bbox 453 2505 594 2547; x_wconf 88' lang='lat' dir='ltr'>omnia</span> <span class='ocrx_word' id='word_1_245' title='bbox 618 2504 853 2546; x_wconf 83' lang='lat' dir='ltr'>conformia</span> <span class='ocrx_word' id='word_1_246' title='bbox 882 2504 1074 2545; x_wconf 85' lang='lat' dir='ltr'>solitaria</span> <span class='ocrx_word' id='word_1_247' title='bbox 1097 2503 1378 2546; x_wconf 81' lang='lat' dir='ltr'>uniloculai·ia</span> <span class='ocrx_word' id='word_1_248' title='bbox 1406 2503 1601 2545; x_wconf 82' lang='lat' dir='ltr'>axillaria</span> <span class='ocrx_word' id='word_1_249' title='bbox 1633 2501 1835 2546; x_wconf 79' lang='lat' dir='ltr'>bivalvia.</span> 
     </span>
     <span class='ocr_line' id='line_1_32' title="bbox 131 2563 1837 2619; baseline -0.001 -11"><span class='ocrx_word' id='word_1_250' title='bbox 131 2564 278 2619; x_wconf 89' lang='lat' dir='ltr'>Sporae</span> <span class='ocrx_word' id='word_1_251' title='bbox 302 2564 604 2607; x_wconf 86' lang='lat' dir='ltr'>minutissimae</span> <span class='ocrx_word' id='word_1_252' title='bbox 631 2564 753 2605; x_wconf 88' lang='lat' dir='ltr'>striis</span> <span class='ocrx_word' id='word_1_253' title='bbox 778 2563 920 2606; x_wconf 89' lang='lat' dir='ltr'>tribus</span> <span class='ocrx_word' id='word_1_254' title='bbox 954 2568 1110 2604; x_wconf 70' lang='lat' dir='ltr'>notatae</span> <span class='ocrx_word' id='word_1_255' title='bbox 1134 2563 1323 2615; x_wconf 58' lang='lat' dir='ltr'>globosa*</span> <span class='ocrx_word' id='word_1_256' title='bbox 1353 2564 1644 2616; x_wconf 77' lang='lat' dir='ltr'>quaternalim</span> <span class='ocrx_word' id='word_1_257' title='bbox 1675 2564 1714 2604; x_wconf 88' lang='lat' dir='ltr'>in</span> <span class='ocrx_word' id='word_1_258' title='bbox 1744 2575 1837 2606; x_wconf 87' lang='lat' dir='ltr'>cor-</span> 
     </span>
     <span class='ocr_line' id='line_1_33' title="bbox 134 2623 796 2678; baseline -0.003 -12"><span class='ocrx_word' id='word_1_259' title='bbox 134 2624 314 2678; x_wconf 77' lang='lat' dir='ltr'>puscula</span> <span class='ocrx_word' id='word_1_260' title='bbox 329 2625 498 2676; x_wconf 69' lang='lat' dir='ltr'>trigona</span> <span class='ocrx_word' id='word_1_261' title='bbox 517 2623 796 2666; x_wconf 84' lang='lat' dir='ltr'>coliaerentes.</span> 
     </span>
    </p>
   </div>
   <div class='ocr_carea' id='block_1_11' title="bbox 129 2731 1832 3019">
    <p class='ocr_par' dir='ltr' id='par_1_13' title="bbox 129 2731 1832 3019">
     <span class='ocr_line' id='line_1_34' title="bbox 197 2731 1832 2788; baseline -0.001 -13"><span class='ocrx_word' id='word_1_262' title='bbox 197 2736 232 2776; x_wconf 92' lang='grc'>1.</span> <span class='ocrx_word' id='word_1_263' title='bbox 272 2734 325 2777; x_wconf 86' lang='grc' dir='ltr'>Ι...</span> <span class='ocrx_word' id='word_1_264' title='bbox 358 2732 570 2788; x_wconf 75' lang='lat' dir='ltr'>Selaqo</span> <span class='ocrx_word' id='word_1_265' title='bbox 595 2732 662 2787; x_wconf 75' lang='lat' dir='ltr'>(L.</span> <span class='ocrx_word' id='word_1_266' title='bbox 697 2731 772 2787; x_wconf 86' lang='lat' dir='ltr'>Sp.</span> <span class='ocrx_word' id='word_1_267' title='bbox 810 2732 942 2778; x_wconf 61' lang='lat'>1565]</span> <span class='ocrx_word' id='word_1_268' title='bbox 978 2731 1177 2774; x_wconf 85' lang='lat' dir='ltr'>caulibus</span> <span class='ocrx_word' id='word_1_269' title='bbox 1203 2731 1361 2774; x_wconf 82' lang='lat' dir='ltr'>erectis</span> <span class='ocrx_word' id='word_1_270' title='bbox 1395 2731 1788 2774; x_wconf 74' lang='lat' dir='ltr'>ascendentibusve</span> <span class='ocrx_word' id='word_1_271' title='bbox 1812 2748 1832 2774; x_wconf 82' lang='lat' dir='ltr'>a</span> 
     </span>
     <span class='ocr_line' id='line_1_35' title="bbox 131 2791 1830 2843; baseline -0.002 -7"><span class='ocrx_word' id='word_1_272' title='bbox 131 2794 220 2836; x_wconf 86' lang='lat' dir='ltr'>basi</span> <span class='ocrx_word' id='word_1_273' title='bbox 263 2793 503 2835; x_wconf 86' lang='lat' dir='ltr'>dicliotome</span> <span class='ocrx_word' id='word_1_274' title='bbox 529 2792 713 2834; x_wconf 86' lang='lat' dir='ltr'>ramosis</span> <span class='ocrx_word' id='word_1_275' title='bbox 738 2791 871 2833; x_wconf 84' lang='lat' dir='ltr'>dense</span> <span class='ocrx_word' id='word_1_276' title='bbox 913 2791 1091 2840; x_wconf 77' lang='lat' dir='ltr'>foliosis,</span> <span class='ocrx_word' id='word_1_277' title='bbox 1118 2791 1250 2832; x_wconf 80' lang='lat' dir='ltr'>ramis</span> <span class='ocrx_word' id='word_1_278' title='bbox 1281 2791 1521 2843; x_wconf 71' lang='lat' dir='ltr'>fastigiatis,</span> <span class='ocrx_word' id='word_1_279' title='bbox 1548 2791 1658 2832; x_wconf 81' lang='lat' dir='ltr'>foliis</span> <span class='ocrx_word' id='word_1_280' title='bbox 1688 2793 1830 2833; x_wconf 86' lang='lat' dir='ltr'>omni-</span> 
     </span>
     <span class='ocr_line' id='line_1_36' title="bbox 131 2849 1829 2901; baseline -0.002 -6"><span class='ocrx_word' id='word_1_281' title='bbox 131 2853 213 2895; x_wconf 87' lang='lat' dir='ltr'>bus</span> <span class='ocrx_word' id='word_1_282' title='bbox 255 2851 551 2894; x_wconf 85' lang='lat' dir='ltr'>conformibus</span> <span class='ocrx_word' id='word_1_283' title='bbox 589 2851 828 2893; x_wconf 89' lang='lat' dir='ltr'>imbricatis</span> <span class='ocrx_word' id='word_1_284' title='bbox 861 2850 1067 2892; x_wconf 80' lang='lat' dir='ltr'>coriaceis</span> <span class='ocrx_word' id='word_1_285' title='bbox 1108 2850 1258 2901; x_wconf 82' lang='lat' dir='ltr'>rigidis</span> <span class='ocrx_word' id='word_1_286' title='bbox 1291 2849 1539 2891; x_wconf 65' lang='lat' dir='ltr'>lant-colatis</span> <span class='ocrx_word' id='word_1_287' title='bbox 1572 2851 1829 2892; x_wconf 70' lang='lat' dir='ltr'>acuminatis</span> 
     </span>
     <span class='ocr_line' id='line_1_37' title="bbox 129 2909 1828 2965; baseline -0.002 -11"><span class='ocrx_word' id='word_1_288' title='bbox 129 2912 309 2965; x_wconf 82' lang='lat' dir='ltr'>integris</span> <span class='ocrx_word' id='word_1_289' title='bbox 337 2911 402 2954; x_wconf 89' lang='lat' dir='ltr'>vel</span> <span class='ocrx_word' id='word_1_290' title='bbox 430 2910 807 2959; x_wconf 81' lang='lat' dir='ltr'>subdenticulutis,</span> <span class='ocrx_word' id='word_1_291' title='bbox 833 2909 1077 2961; x_wconf 72' lang='lat' dir='ltr'>sporangiis</span> <span class='ocrx_word' id='word_1_292' title='bbox 1107 2909 1146 2949; x_wconf 88' lang='lat' dir='ltr'>in</span> <span class='ocrx_word' id='word_1_293' title='bbox 1179 2913 1264 2949; x_wconf 86' lang='lat' dir='ltr'>toto</span> <span class='ocrx_word' id='word_1_294' title='bbox 1286 2909 1407 2950; x_wconf 77' lang='lat' dir='ltr'>caule</span> <span class='ocrx_word' id='word_1_295' title='bbox 1436 2913 1477 2950; x_wconf 84' lang='lat' dir='ltr'>ct</span> <span class='ocrx_word' id='word_1_296' title='bbox 1513 2910 1644 2950; x_wconf 80' lang='lat' dir='ltr'>ramis·</span> <span class='ocrx_word' id='word_1_297' title='bbox 1674 2910 1828 2952; x_wconf 80' lang='lat' dir='ltr'>axilla-</span> 
     </span>
     <span class='ocr_line' id='line_1_38' title="bbox 135 2967 1270 3019; baseline -0.004 -6"><span class='ocrx_word' id='word_1_298' title='bbox 135 2971 259 3014; x_wconf 82' lang='lat' dir='ltr'>ribus</span> <span class='ocrx_word' id='word_1_299' title='bbox 294 2976 354 3019; x_wconf 65' lang='lat'>36,</span> <span class='ocrx_word' id='word_1_300' title='bbox 379 2969 433 3014; x_wconf 87' lang='lat' dir='ltr'>Ic.</span> <span class='ocrx_word' id='word_1_301' title='bbox 455 2970 518 3012; x_wconf 89' lang='lat' dir='ltr'>Fl.</span> <span class='ocrx_word' id='word_1_302' title='bbox 551 2969 663 3011; x_wconf 83' lang='lat' dir='ltr'>Dan.</span> <span class='ocrx_word' id='word_1_303' title='bbox 699 2969 791 3009; x_wconf 72' lang='lat'>1⁰4.</span> <span class='ocrx_word' id='word_1_304' title='bbox 818 2990 874 2997; x_wconf 93' lang='lat'>—</span> <span class='ocrx_word' id='word_1_305' title='bbox 901 2967 1025 3009; x_wconf 82' lang='lat' dir='ltr'>Sclik.</span> <span class='ocrx_word' id='word_1_306' title='bbox 1057 2968 1141 3009; x_wconf 91' lang='lat' dir='ltr'>tab.</span> <span class='ocrx_word' id='word_1_307' title='bbox 1178 2969 1270 3008; x_wconf 72' lang='lat'><strong>159.</strong></span> 
     </span>
    </p>
   </div>
  </div>
 </body>
</html>
