2089 3246
113 249 367 299 Spa-anthes.
869 258 1088 285 ORCHIDEAE
1778 248 1825 284 91

110 331 293 376 Smyrnae
311 328 529 374 (Fleisch.)‚
549 328 672 364 Ponto
692 329 743 364 ad
764 329 933 375 Boztepe
950 339 1069 375 prope
1091 328 1377 374 Trapezuntem
1404 327 1548 374 (Ball),
1578 328 1757 364 Caucaso
1779 331 1820 364 et

115 377 425 413 Transcaucasia
445 376 506 420 (C.
527 375 658 419 Koch,
680 376 885 421 Nordm.).
907 377 963 412 Fl.
992 380 1197 411 autumno.

161 450 224 485 Ar.
247 450 382 494 Geoqr.
404 448 561 493 Europa
580 447 710 484 media
728 450 765 483 et
787 448 974 484 australis
995 458 1018 483 a
1038 448 1176 492 Dania,
1196 447 1408 482 Germania
1441 446 1492 482 ad
1525 447 1708 483 Rossiam
1743 457 1828 482 me-

110 495 235 541 diam,
253 496 383 532 Africa
401 495 583 531 borealis.

171 595 209 636 Ξ.
235 593 287 637 S.
312 592 609 637 oestivalis
633 594 764 647 (Lam.
793 593 924 647 Ency.
954 593 1023 643 lv,
1048 596 1130 637 567
1156 594 1238 636 sub
1268 592 1494 648 Ophryde)
1523 594 1670 637 radice
1697 595 1824 637 tube-

112 654 235 697 ribus
255 654 545 708 cyliudi·aceis
568 653 804 695 attenuatis
823 657 1062 705 constante,
1088 654 1201 696 soliis
1224 653 1276 695 ad
1306 653 1426 694 basin
1449 654 1584 696 caulis
1603 655 1822 706 congestis

107 724 207 755 cum
237 724 288 755 eo
318 712 534 755 coetaneis
571 712 1070 755 lanceolam-linearibus
1096 714 1136 755 in
1165 711 1374 766 petiolum
1408 713 1661 762 attenuatis,
1699 713 1822 755 caule

111 771 258 826 gracili
290 772 456 824 vaginis
494 772 569 813 ἳ-ίι
600 772 719 824 apice
742 772 991 814 lanceolatis
1017 772 1173 820 obsito,
1210 771 1328 824 spica
1353 771 1500 823 gracili
1541 772 1690 825 spirali
1727 773 1825 813 uni·

115 831 299 882 laterali,
340 830 525 872 floribus
568 830 694 881 albis,
728 830 914 873 bracteis
952 831 1199 874 lanceolatis
1248 831 1445 872 ovarium
1489 830 1821 880 excedentibus,

115 889 599 992 ltagellioqgligulaesomii
654 891 793 931 antice
849 890 1025 933 dilatato
1084 889 1308 933 crenulato
1355 897 1414 938 26.
1466 889 1602 932 Rclib.
1670 888 1820 932 Germ.

135 962 155 991 a
193 982 201 991 .
318 982 326 990 .

160 1031 262 1067 Hah.
281 1032 319 1067 in
341 1032 464 1078 pratis
481 1031 665 1074 humidis,
688 1031 838 1066 Graecia
876 1033 912 1066 in
948 1031 1146 1066 Messenia
1173 1031 1223 1066 ad
1256 1030 1426 1067 Koubeh
1457 1030 1632 1076 (Boryl)‚
1665 1030 1820 1076 Byzan-

113 1080 214 1115 tium
235 1089 356 1125 prope
386 1079 564 1114 Domouz
589 1078 678 1113 dere
713 1079 839 1123 (herb.
874 1079 1156 1125 Dupamuett),
1188 1089 1300 1114 mons
1347 1077 1585 1124 Jyldisdagh
1623 1078 1821 1113 Anatolize

112 1127 282 1162 borealis
298 1126 433 1171 (Wied
449 1129 490 1166 !).
512 1125 567 1161 Fl.
586 1125 669 1162 Oct.

160 1200 224 1235 Ar.
249 1199 384 1244 Geoqr.
414 1198 631 1241 Lusitania,
657 1198 865 1244 Hispania,
901 1199 1054 1242 Anglia,
1082 1199 1226 1244 (tallia,
1260 1198 1457 1244 Helvetia,
1491 1199 1686 1244 Belgium,
1725 1199 1822 1233 Ger-

113 1247 245 1295 mania
264 1246 516 1282 occidentalis
537 1249 574 1281 et
597 1245 790 1291 australis,
820 1247 991 1290 Corsica,
1023 1247 1215 1290 Sardinia,
1248 1246 1363 1282 ltalia
1393 1246 1565 1282 borealis
1598 1250 1632 1281 et
1678 1246 1822 1291 media,

113 1295 285 1329 croatia.

525 1463 745 1513 Natum
779 1465 836 1527 (ι.
867 1466 950 1513 Aet.
979 1465 1078 1528 eps.
1113 1464 1298 1527 17401».
1329 1464 1416 1526 33).

170 1615 385 1669 Pei-igonii
412 1615 555 1669 pliylla
580 1615 844 1669 subaequalis
869 1616 1170 1669 campanulata
1189 1617 1420 1669 superiora
1447 1616 1484 1658 in
1517 1616 1680 1670 galeam
1713 1617 1820 1659 sub-

108 1675 399 1717 conniventia.
431 1675 654 1717 Labellum
682 1687 764 1717 non
797 1675 1014 1717 inclusum
1048 1686 1126 1717 nec
1150 1676 1411 1718 calcaratum
1439 1679 1688 1729 porrectum
1725 1676 1819 1718 basi

108 1733 571 1777 saccato-scrotiforme
594 1734 713 1787 apice
730 1734 935 1776 bilobum.
952 1732 1285 1788 Gyuostemium
1311 1735 1442 1777 breve
1464 1735 1751 1778 teretiusculu
1763 1748 1817 1777 m.

110 1793 304 1836 Autliera
330 1793 575 1836 terminalis
603 1794 775 1835 mobilis
802 1797 927 1835 ovata
951 1793 1202 1836 bilocularis
1239 1795 1419 1836 rostello
1458 1793 1669 1837 lamellari
1712 1795 1822 1837 indi-

111 1853 203 1895 viso
227 1852 497 1895 incumbens.
538 1852 717 1895 Pollinia
762 1852 860 1894 bina
892 1852 1094 1907 bipartita
1129 1853 1346 1907 glandulae
1383 1855 1602 1896 communi
1629 1855 1817 1908 liyalinae

114 1912 248 1962 fugaci
274 1912 453 1954 inserta.
482 1911 689 1953 Ovarium
716 1924 798 1953 non
829 1915 1091 1954 contortum.
1127 1912 1313 1963 Capsula
1356 1913 1632 1956 subcoriacea
1673 1918 1821 1956 ovato-

112 1970 306 2024 oblonga.
332 1995 385 2002 —
410 1971 562 2013 Planta
589 1972 816 2024 parasitica
841 1972 1015 2025 apliylla
1040 1971 1146 2014 facie
1175 1971 1469 2014 Orobauclzes.

176 2087 294 2130 1.N.
313 2085 506 2130 Nidus
526 2086 659 2130 avis
680 2088 747 2140 (L.
766 2087 836 2141 Sp.
854 2088 966 2130 1339
993 2088 1076 2130 sub
1095 2087 1316 2141 Ophi-yde)
1333 2091 1418 2130 tota
1442 2089 1597 2142 pallide
1617 2089 1818 2132 brunnea

114 2146 302 2201 apliylla.
341 2147 576 2189 rliizomate
620 2147 743 2188 tibris
785 2149 1031 2189 numerosis
1079 2147 1276 2190 carnosis
1309 2148 1349 2189 in
1385 2148 1560 2201 globum
1602 2149 1821 2202 congestis

111 2210 348 2254 constante,
399 2206 596 2248 caulibus
633 2207 939 2249 crassiusculis
979 2208 1134 2249 crectis
1177 2207 1343 2259 vaginis
1390 2208 1511 2260 apice
1562 2208 1815 2250 lanceolalis

112 2264 339 2308 cucullatis
364 2265 533 2313 obsitis,
560 2266 676 2319 spica
703 2266 915 2308 terminali
947 2266 1128 2318 oblonga
1175 2270 1297 2319 parte
1321 2266 1515 2309 inferiori
1561 2267 1672 2315 laxa,
1699 2266 1821 2308 brac-

119 2325 199 2367 teis
223 2324 720 2366 lanccolato-lineariluis
745 2326 893 2366 ovario
926 2325 1103 2367 dimidio
1144 2326 1434 2379 brevioribus,
1459 2326 1669 2380 perigenii
1700 2326 1823 2380 phyl-

114 2383 167 2425 lis
193 2384 533 2437 ovatooblongis
557 2384 724 2426 obtusis
752 2384 905 2426 labello
934 2385 1089 2438 pliyllis
1122 2385 1314 2437 leuglere
1353 2386 1537 2437 oblongo
1579 2385 1686 2427 tobis
1713 2386 1821 2439 ligu-

115 2442 213 2484 latis
254 2442 440 2491 obtusiS‚
467 2443 589 2484 valde
627 2442 875 2485 divaricatis
915 2450 974 2490 26.
1024 2443 1076 2486 A&
1109 2443 1251 2485 Nidus
1297 2444 1393 2486 aeis
1439 2445 1556 2486 Rich.
1595 2444 1622 2486 l.
1667 2444 1735 2486 cit.
1772 2467 1817 2473 —

114 2501 247 2543 Rchb.
273 2500 421 2543 Germ.
445 2501 530 2543 tab.
567 2503 663 2545 1221.
693 2527 745 2532 —
776 2501 998 2554 Epa'pactis
1018 2503 1151 2545 mclii-s·
1180 2503 1276 2544 are's
1307 2505 1392 2546 ΑΙΙ.
1432 2504 1533 2547 Ped.
1570 2527 1627 2533 —-
1661 2501 1824 2545 Neolle'-

117 2560 221 2602 (tlon
245 2560 380 2603 ‘nidus
411 2560 506 2603 avis
535 2559 648 2603 Nees
674 2560 781 2604 Gen.
808 2562 954 2604 Germ.
986 2563 1038 2604 lc.

160 2643 248 2678 Hab
275 2644 312 2678 in
333 2643 458 2689 sylvis
478 2644 674 2678 umbrosis
695 2645 908 2689 montanis,
928 2645 1126 2680 variarum
1153 2646 1338 2681 arborum
1375 2647 1594 2693 parasitica,
1618 2646 1818 2682 Messenia

116 2690 268 2735 (Bory),
300 2690 494 2736 Olympus
525 2691 740 2726 Thessalus
782 2693 819 2726 in
863 2692 1004 2738 pinetis
1037 2693 1230 2737 (Heldrti,
1267 2693 1497 2729 Mace-ionia
1536 2695 1575 2729 in
1612 2694 1822 2740 peninsula

116 2737 246 2773 Athea
265 2738 468 2782 (misen),
500 2739 689 2784 Bithynia
718 2739 756 2773 in
786 2738 957 2785 Olympo
985 2740 1131 2784 (Tc-hin
1151 2743 1176 2784 ).
1204 2741 1361 2777 ‘rain-ia.
1387 2744 1588 2777 Caucasus
1606 2743 1645 2777 et
1675 2742 1821 2777 Trans·

115 2787 292 2821 caut-asia
310 2785 380 2828 (M.
402 2785 445 2820 Β.
469 2785 576 2820 11011!
597 2788 698 2832 etos),
722 2786 820 2821 ditio
851 2786 1025 2833 Talyscli
1048 2788 1107 2831 (C.
1129 2790 1173 2822 A.
1197 2788 1276 2832 M).

161 2857 224 2892 Ar.
244 2856 378 2902 Geoqr.
402 2856 555 2903 Europa
572 2868 592 2891 a
616 2858 831 2901 Britannia,
849 2858 1127 2899 scandinavia,
1149 2861 1287 2894 ltossia
1311 2860 1610 2906 septentrionali
1641 2861 1688 2895 ad
1723 2860 1822 2895 His-

117 2904 518 2986 galniamwbofealem,
555 2904 722 2950 ltaliam,
761 2906 1015 2949 Dalmatiam,
1059 2907 1259 2951 Bosniam,
1305 2909 1501 2953 regionem
1541 2907 1826 2950 Danubialem,

113 2973 126 2983 ..
152 2961 265 2986 iuria
300 2961 360 2986 ,ιέι
384 2962 506 2986 cums.
