2062 3314
235 203 307 241 432
974 205 1200 235 ΕΒΑΜΝΕΕ
1700 194 1790 232 Pan
1794 195 1896 232 icum
1906 223 1914 232 .

669 400 831 450 ORD.
868 399 1048 449 CXLI.
1081 400 1494 448 GRAMINEAE.

894 537 1031 593 (Juss.
1057 536 1162 581 Gen.
1187 536 1277 594 28).

298 669 450 711 Flores
472 666 815 722 hermaphroditi
831 666 898 708 vel
916 665 1061 708 rarius
1080 666 1362 709 unisexuales
1383 666 1426 709 in
1444 664 1586 719 spicas
1606 665 1680 719 uni
1702 665 1770 708 vel
1794 665 1929 719 pluri-

239 729 372 770 ssoras
408 725 607 779 Spiculas
651 725 787 768 dictas
835 724 1023 768 bracteis
1067 725 1248 768 alternis
1293 724 1491 767 distichis
1542 724 1703 776 singuli
1756 724 1928 767 inclusi.

241 786 427 841 Spiculae
469 785 655 828 bracteae
709 783 943 827 inferiores
997 784 1171 827 steriles
1217 783 1379 837 saepius
1421 783 1532 825 binae
1575 782 1744 825 Glumae
1792 783 1930 835 dictae,

240 845 386 888 rarius
430 844 556 887 unica
603 843 671 886 vel
712 843 861 897 plures
890 846 965 885 aut
999 844 1147 894 nullae,
1192 843 1445 896 superiores
1480 842 1647 884 fertiles
1684 841 1931 898 (Glumella,

239 903 391 957 pluma
423 901 588 951 fertilis
625 901 794 955 Benth.)
827 901 872 943 in
909 902 1039 944 axilla
1068 901 1298 945 flosculum
1331 901 1521 944 ferentes
1561 903 1743 955 squama
1772 902 1932 955 saepius

242 961 414 1004 binervi
450 961 689 1004 bicarinata
724 959 892 1016 (Palea,
931 959 1139 1013 plumella
1178 959 1404 1015 superior)
1444 959 1679 1003 inclusum.
1716 960 1933 1013 Perigonii

240 1022 333 1064 loco
357 1019 605 1074 squamulae
626 1019 740 1061 binae
760 1018 902 1063 rarius
923 1021 1060 1062 ternae
1086 1019 1272 1073 hyalinae
1301 1019 1489 1061 minimae
1516 1017 1753 1074 (Lodiculae
1787 1022 1933 1063 aucto-

245 1079 365 1133 rum)
388 1079 608 1122 interdum
632 1079 779 1121 nullae*
807 1077 1000 1120 Stamina
1025 1078 1108 1120 tria
1129 1078 1275 1120 rarius
1298 1079 1369 1120 2-1
1400 1077 1625 1121 rarissime
1652 1078 1778 1132 plura
1800 1079 1936 1133 hypo-

245 1151 375 1193 gyna,
406 1138 627 1180 filamenta
651 1136 868 1188 filiformia
895 1135 1044 1188 libera,
1068 1137 1262 1180 antherae
1295 1137 1526 1180 versatiles
1568 1137 1756 1180 lineares
1783 1136 1936 1180 bilobae

248 1196 628 1251 longitudinaliter
656 1196 943 1239 dehiscentes.
973 1195 1182 1239 Ovarium
1207 1195 1475 1239 uniloculare
1514 1196 1642 1239 ovulo
1679 1195 1805 1239 unico
1838 1209 1937 1240 ana-

249 1259 392 1311 tropo‚
424 1255 526 1309 styli
550 1254 642 1298 bini
669 1267 770 1298 raro
797 1258 886 1297 tres
917 1255 1044 1297 liberi
1074 1255 1142 1297 vel
1172 1254 1265 1297 basi
1294 1255 1433 1298 coaliti
1461 1255 1505 1297 in
1532 1255 1712 1297 totidem
1739 1255 1940 1307 stigmata

249 1314 412 1368 saepius
431 1315 630 1368 elongata
650 1314 751 1368 pilis
764 1313 1039 1366 simplicibus
1058 1313 1127 1355 vel
1142 1313 1325 1357 ramosis
1346 1314 1486 1357 obsita
1505 1314 1729 1356 abeuntes.
1750 1311 1935 1370 Caryop-

249 1373 313 1416 sis
339 1374 545 1426 glumella
578 1373 792 1427 paleaque
823 1373 993 1415 inclusa
1024 1372 1160 1414 libera
1197 1373 1265 1415 vel
1305 1373 1440 1426 paleae
1475 1372 1719 1425 adhaerens,
1752 1374 1941 1426 pericar-

250 1431 370 1486 pium
394 1431 772 1474 membranaceum
801 1431 962 1485 saepius
987 1431 1141 1474 semini
1171 1434 1288 1473 arcte
1313 1432 1532 1474 adnatum.
1556 1430 1714 1474 Semen
1747 1437 1941 1475 erectum

250 1491 572 1533 albuminosum
612 1491 727 1533 testa
754 1491 879 1533 tenui
909 1491 1081 1534 adnata.
1125 1490 1313 1545 Embryo
1347 1491 1542 1533 minutus
1576 1493 1699 1533 extra
1738 1491 1940 1534 albumen

253 1549 516 1592 farinaceum
555 1549 607 1591 ad
648 1549 742 1603 ejus
775 1550 901 1591 basin
933 1550 1060 1592 situs.
1098 1572 1148 1578 —
1186 1548 1248 1591 Cl.
1280 1554 1321 1591 et
1355 1550 1543 1592 amiciss.
1575 1548 1626 1590 G.
1659 1549 1870 1593 Bentham
1898 1550 1939 1593 in

257 1606 322 1650 Bth
347 1611 389 1650 et
412 1608 545 1651 Hook.
572 1608 680 1651 Gen.
704 1607 780 1660 ΙΙΙ,
804 1620 843 1661 p.
868 1609 994 1657 1075,
1018 1607 1344 1661 dispositionem
1369 1608 1545 1651 Ordinis
1564 1608 1792 1665 proposuit
1813 1622 1941 1664 quam

255 1667 404 1720 paucis
440 1667 618 1710 mutatis
655 1667 920 1723 (praesertim
962 1668 1006 1709 in
1050 1667 1211 1710 Tribus
1247 1666 1626 1710 Phaluridearum
1670 1666 1942 1724 limitatione)

255 1726 407 1768 saltem
431 1726 574 1779 quoad
602 1726 738 1769 lineas
767 1726 998 1780 primarias
1022 1729 1197 1769 secutus
1226 1737 1337 1768 sum.

303 1868 445 1905 SERIES
471 1871 519 1906 A.
546 1869 793 1907 PANchCEAE
820 1870 1033 1916 (Bentham
1054 1871 1094 1907 in
1115 1871 1181 1908 ΒΗ1
1196 1873 1235 1907 et
1251 1871 1370 1908 Hook
1390 1871 1487 1908 Gen.
1508 1871 1566 1908 Pl.
1586 1871 1652 1917 ΗῙ,
1669 1881 1755 1919 pag.
1778 1871 1898 1917 1077).

316 1988 501 2043 Spiculae
528 2002 625 2032 cum
655 1990 863 2043 pedicello
890 1991 1000 2032 inl'ra
1035 1992 1204 2044 glumas
1238 1991 1477 2034 articulatae
1508 1991 1617 2033 flore
1643 1990 1774 2034 fertili
1820 1990 1947 2034 unico

256 2049 490 2097 terminali.
512 2049 657 2091 addito
682 2049 905 2093 interdum
928 2050 1066 2093 allero
1092 2050 1299 2093 inferiore
1329 2051 1520 2093 masculo
1548 2049 1617 2094 vel
1634 2050 1786 2093 sterili.

852 2196 940 2244 ΤΒ.
978 2196 1014 2243 Ι.
1052 2196 1361 2245 PANICEAE.

323 2311 507 2367 Spiculae
542 2325 566 2354 a
601 2311 733 2355 dorso
777 2324 1040 2367 compressae
1085 2313 1453 2367 hermaphroditae
1501 2314 1646 2356 rarius
1676 2314 1830 2358 abortu
1859 2315 1952 2358 uni-

264 2372 466 2414 sexuales
490 2371 664 2424 spicatae
687 2371 753 2413 vel
789 2373 1045 2426 paniculalae
1079 2373 1196 2415 rachi
1229 2373 1565 2417 inflorescentiae
1596 2385 1682 2415 non
1711 2373 1953 2417 articulata.

264 2430 477 2474 Glumella
510 2441 594 2472 non
632 2430 811 2474 aristata
844 2431 1065 2474 fructifera
1087 2432 1304 2475 indurata.
1331 2430 1522 2485 (Genera
1551 2431 1883 2485 Antheplzoram
1911 2437 1954 2476 et

269 2489 459 2541 Trogum
480 2489 685 2542 glumella
709 2490 1036 2533 membranacea
1059 2490 1213 2533 donata
1240 2494 1283 2534 et
1309 2492 1387 2534 hac
1431 2492 1597 2534 ratione
1618 2503 1641 2532 a
1665 2492 1713 2534 cl.
1744 2491 1951 2534 Bentham

266 2547 418 2589 Tribui
447 2547 643 2601 Zoyzieoe
665 2548 948 2592 adnumerata
973 2550 1048 2591 sed
1074 2550 1246 2593 caeterIs
1276 2551 1387 2592 notis
1411 2549 1613 2592 Pam‘cez's
1652 2550 1869 2592 simillima
1902 2564 1954 2594 ne

267 2606 396 2655 nimis
423 2606 773 2650 subdivisionum
798 2619 1028 2651 numerum
1056 2621 1233 2663 augeam
1258 2609 1325 2651 hic
1346 2609 1532 2652 includo.

819 2752 1043 2802 Panicum
1081 2755 1148 2814 (L.
1180 2756 1278 2803 cen.
1310 2754 1401 2816 76).

328 2886 514 2941 Spiculae
540 2901 563 2930 a
598 2888 727 2932 dorso
756 2900 1016 2943 compressae
1051 2890 1117 2933 vel
1155 2891 1314 2934 inflatae
1347 2903 1431 2934 non
1468 2890 1749 2934 involucratae
1793 2891 1957 2934 bissorae

269 2945 449 2989 flosculo
466 2946 671 2990 inferiore
693 2948 881 2991 masculo
897 2949 965 2991 vel
982 2954 1137 2993 neutro
1156 2943 1384 3005 superiore
1406 2950 1954 3004 hermaphroditoGlumae
