2062 3314
209 250 260 287 94
951 256 1167 285 oRchEAE
1607 245 1888 294 Cypripedzum
1897 276 1908 284 .

215 346 402 378 massam
449 332 704 386 glatinosam
753 332 997 386 conjunctis
1054 334 1276 375 constans.
1325 330 1487 383 Stigma
1543 330 1804 373 deltoideum
1866 333 1909 374 in

211 392 473 447 gynostemii
510 392 616 434 facie
651 391 733 433 snb
766 392 977 434 antberis.
1017 390 1228 434 Ovarium
1264 402 1349 432 non
1390 392 1650 432 contortum.
1676 412 1734 420 —
1757 390 1912 433 Herbae

213 453 378 495 foliosae
393 451 630 493 rhizomate
657 450 838 493 donatae.

279 566 315 604 1.
343 563 400 608 G.
440 561 743 605 Calceolus
780 561 848 617 (L.
879 561 954 615 Sp.
986 560 1117 615 1346)
1154 561 1388 602 rhizomate
1415 572 1530 613 saepe
1556 564 1752 613 elongato
1779 561 1910 604 libras

212 634 472 666 numerosas
513 621 684 669 edente,
713 622 836 663 caule
868 621 996 663 tereti
1020 619 1285 675 pubescente
1311 620 1579 672 polypliyllo‚
1600 619 1710 661 foliis
1744 622 1909 673 magnis

212 679 600 737 amplexicaulibus
640 679 986 733 ovato-oblongis
1018 679 1276 720 acuminatis
1313 679 1775 731 pubescenti-scabris,
1802 679 1910 722 flore

211 741 374 795 saepius
400 740 524 782 unico
548 739 641 781 basi
668 738 904 787 bracteam,
935 737 1146 792 perigonii
1170 737 1756 791 brunnec-purpurascentis
1785 739 1909 792 phyl-

212 800 263 842 lis
287 799 513 854 quaternis
558 798 808 840 lanceolatis
842 797 1098 840 acuminatis
1136 797 1364 851 superiore
1399 797 1510 838 binis
1552 796 1746 838 connatis
1787 809 1911 839 cons-

210 863 342 911 tante,
379 857 535 900 labello
573 858 690 899 luteo
731 857 1098 910 purpureo-picto,
1124 857 1304 898 anthera
1328 855 1519 908 stipitata
1558 855 1726 897 inferne
1749 859 1910 909 praeter

211 918 368 960 lineam
392 916 661 960 carinantem
688 916 783 959 laevi
817 925 874 966 26.
900 915 1033 958 Rchb.
1059 914 1205 957 Germ.
1235 915 1322 957 tab.
1358 915 1448 956 144.

257 990 358 1026 Hab.
379 990 420 1025 in
441 990 575 1036 pratis,
595 989 854 1036 rupestribus,
873 989 1001 1035 sylvis
1023 988 1221 1024 frondosis
1245 988 1414 1033 regionis
1444 990 1656 1032 montanae,
1691 989 1841 1024 Graecia
1865 989 1908 1024 in

208 1044 344 1121 gigig?-
362 1037 515 1083 Velugo
534 1037 691 1072 AEtoliae
712 1037 904 1083 (smum),
924 1036 1070 1072 Tauria
1089 1037 1128 1072 et
1149 1046 1261 1083 prov.
1281 1035 1503 1071 Caucasicis
1525 1035 1595 1079 (M.
1614 1036 1644 1071 B
1661 1065 1669 1082 ,
1687 1036 1778 1072 Holi
1793 1038 1819 1081 ).
1848 1037 1906 1072 Fl.

256 1152 320 1187 Ar.
342 1151 476 1195 Geoqr.
518 1150 681 1194 Europa
712 1148 843 1184 media.
874 1148 926 1184 ab
956 1149 1112 1194 Anglia,
1142 1147 1725 1192 Scandinavia,Rossi{⁴1media
1745 1147 1796 1183 ad
1815 1147 1909 1184 Gal-

207 1199 317 1244 liam,
344 1197 578 1242 Helvetiam,
600 1196 754 1232 Italiam
773 1196 984 1242 borealem,
1003 1196 1202 1242 regionem
1223 1195 1497 1239 Danubialem,
1517 1196 1662 1230 Sibiria
1682 1197 1769 1231 tota.

640 1382 803 1429 ORD.
837 1380 1072 1429 CXXXI.
1111 1379 1491 1428 lRlDACEAE.

474 1507 634 1563 (Lindi.
662 1506 825 1549 Introd.
850 1508 950 1548 23⁶2.
988 1529 1044 1538 —
1066 1505 1226 1548 Iridecc
1251 1505 1368 1548 Juss.
1401 1503 1510 1546 Gen.
1541 1504 1631 1558 57).

264 1629 416 1672 Flores
444 1628 787 1682 hermapliroditi
826 1628 1054 1680 regulares
1081 1628 1145 1669 vel
1175 1626 1442 1680 irregulares
1471 1625 1690 1668 bracteati.
1731 1625 1908 1679 Perigo-

204 1690 324 1732 nium
359 1700 570 1742 superum
612 1687 870 1730 corolllnum
910 1687 1351 1730 tubuloso-sextidum
1392 1686 1458 1727 vel
1498 1685 1705 1739 partitum
1740 1684 1908 1728 laciniis

203 1748 446 1802 aequalibus
479 1746 548 1789 vel
591 1746 875 1788 interioribus
915 1746 1201 1788 dissimilibus
1245 1745 1521 1797 regularibus
1568 1744 1631 1785 vel
1669 1744 1901 1786 bilabiatis.

203 1808 397 1851 Stamina
436 1807 516 1848 tria
553 1806 646 1848 basi
674 1806 926 1848 laciniarum
953 1807 1221 1848 exteriorum
1268 1804 1476 1858 perigonii
1509 1803 1686 1852 inserta,
1712 1804 1907 1845 antherae

202 1866 465 1909 biloeulares
486 1868 735 1908 extrorsum
763 1865 1049 1907 dehiscentes
1074 1865 1281 1908 Ovarium
1320 1864 1507 1906 inferum
1546 1863 1612 1904 vel
1640 1863 1783 1904 rarius
1809 1875 1904 1905 ver-

200 1927 284 1969 tice
308 1928 482 1969 exserto
507 1924 829 1978 semisuperum
857 1924 1107 1966 triloculare
1133 1924 1197 1966 vel
1225 1922 1448 1965 rarissime
1475 1921 1743 1964 uniloculare
1762 1920 1905 1963 multi-

204 1985 430 2027 ovulatum
458 1984 601 2026 ovulis
627 1984 667 2025 in
693 1984 850 2036 angulo
887 1984 1086 2025 interiori
1119 1983 1359 2025 loculorum
1393 1981 1460 2023 vel
1501 1982 1543 2023 in
1571 1981 1773 2022 columna
1803 1992 1902 2022 cen-

201 2044 300 2086 trali
328 2043 596 2086 ‘2-3-seriatis
629 2044 852 2097 anatropis
893 2043 1054 2097 saepius
1106 2041 1466 2085 horizontalibus.
1515 2040 1664 2093 Stylus
1720 2039 1905 2092 simplex

201 2103 495 2146 brevissimus
545 2102 612 2143 vel
654 2103 896 2155 elongatus,
937 2102 1135 2154 stigmata
1191 2102 1274 2143 tria
1325 2100 1553 2152 simplicia,
1597 2098 1803 2146 laciniam,
1837 2099 1904 2140 vel

197 2162 454 2217 petaloidea.
480 2160 664 2216 Capsula
696 2161 1027 2204 membranacea
1052 2162 1117 2203 vel
1141 2161 1331 2202 coriacea
1361 2159 1625 2202 trilocularis
1676 2157 1902 2201 loculicide

199 2221 401 2265 trivalvis
426 2221 565 2264 valvis
591 2221 734 2262 medio
762 2220 995 2273 septiferis.
1021 2219 1193 2263 Semina
1217 2219 1393 2272 globosa
1431 2219 1498 2261 vel
1533 2217 1749 2271 angulata,
1794 2220 1904 2259 testa

199 2281 528 2323 membranacea
562 2281 631 2322 vel
681 2280 1146 2331 carnoso-incrassata,
1196 2278 1376 2332 embryo
1418 2282 1564 2320 rectus
1603 2276 1904 2329 cylindraceus

199 2340 313 2383 intra
337 2340 540 2382 albumen
577 2351 806 2382 carnosum
832 2340 898 2382 vel
934 2350 1141 2381 corneum
1165 2338 1321 2380 axillis.
1346 2361 1401 2368 —
1424 2336 1580 2379 Herbae
1602 2336 1903 2378 rbizomatosue

201 2400 270 2441 vel
296 2399 504 2443 bulbosee.

200 2533 276 2575 Ta.
296 2531 327 2574 I.
353 2531 601 2575 CROCEAE.
620 2556 664 2563 -
697 2531 976 2586 Perigonium
993 2532 1195 2585 regulare
1219 2530 1386 2574 laciniis
1407 2529 1592 2573 internis
1611 2528 1904 2572 exterioribus

441 2591 791 2645 conniventibus,
816 2591 1075 2634 staminibus
1106 2590 1254 2632 liberis
1279 2586 1666 2644 aequilateralibus.

779 2713 974 2763 CROCUS
1011 2713 1071 2775 (L.
1103 2713 1205 2762 Gen.
1237 2712 1326 2774 55).

257 2832 538 2888 Perigonium
582 2832 784 2886 regulare
817 2830 1224 2874 infundibulil'orme
1262 2831 1456 2871 erectum
1500 2827 1604 2870 tubo
1636 2825 1901 2879 longissimo·

196 2891 315 2934 limbi
343 2891 569 2946 sexparliti
594 2891 744 2934 lacinis
769 2890 1246 2944 oblongo-spathulatis
1279 2886 1592 2936 conformibus,
1616 2884 1900 2928 interioribus

196 2950 419 2994 interdum
459 2951 718 2994 minoribus.
765 2950 957 2993 Stamina
994 2950 1074 2991 tria
1119 2948 1254 2990 libera
1287 2948 1455 2990 inclusa
1492 2945 1724 2988 filamenlis
1750 2943 1896 2987 rectiS.

196 3009 390 3054 antheris
412 3010 816 3064 lineari-sagittatis.
835 3009 986 3064 Stylus
1004 3007 1221 3052 filiformis
1239 3007 1465 3060 elongatus
1485 3017 1540 3048 ex
1563 3004 1665 3047 tubo
1687 3002 1899 3058 perigonii
