2062 3314
240 174 314 211 444
988 182 1214 209 GRAMINEAE
1665 172 1936 211 Pennz'setum.

242 377 568 427 PENNlSETUM
605 376 711 439 (Pal.
742 377 791 426 (lc
818 377 862 425 B.
891 378 1053 438 Agrost.
1077 377 1152 425 59.
1178 405 1239 412 —
1269 376 1611 438 Gymnothrioe
1641 377 1693 426 P.
1722 378 1782 425 de
1801 379 1854 426 B.
1879 405 1941 414 —

815 441 1149 490 Penicillaria
1174 441 1385 502 Willd.).

303 586 490 641 Spiculae
527 600 549 629 a
591 587 721 629 dorso
748 598 1012 641 compressae
1036 599 1171 641 supra
1207 586 1405 639 pedicelli
1436 587 1790 629 articulationem
1820 587 1941 630 invo—

240 647 362 689 lucro
388 645 601 699 completo
647 646 921 688 multisetoso
950 658 1047 689 cum
1080 645 1259 699 spiculis
1288 644 1470 689 deciduo
1493 645 1795 696 involucratae‚
1830 650 1939 689 setae

240 705 489 748 exteriores
523 703 751 747 breviores
789 705 970 755 scabrae,
992 705 1226 748 interiores
1264 708 1389 758 parte
1421 704 1618 747 inferiori
1656 704 1721 759 (in
1755 703 1941 762 nostris)

241 763 469 819 plumosae.
497 762 687 807 Flosculi
717 763 806 805 bini
839 763 1042 817 superior
1078 763 1463 816 hermaphroditus
1504 763 1687 806 inferior
1720 765 1940 807 masculus

244 822 313 865 vel
342 826 498 865 neuter
523 826 566 864 et
591 828 691 865 tunc
710 822 762 863 ad
775 822 1022 875 glumellam
1049 823 1115 864 vel
1135 822 1356 864 interdum
1374 822 1428 863 ad
1454 821 1683 865 aristulam
1709 823 1937 865 reductus.

241 880 411 924 Glumae
451 882 797 924 membranaceae
833 881 1015 924 inferior
1070 881 1226 923 minor.
1283 879 1499 924 Glumella
1550 881 1786 935 utriusque
1837 882 1941 924 flos-

237 940 325 982 culi
347 943 471 982 acuta
502 942 570 982 vel
600 940 844 983 acuminata
880 941 1047 994 paleam
1095 939 1468 994 subaequilongam
1514 939 1590 983 sed
1632 940 1930 993 angustiorem

239 1000 522 1053 amplectens.
547 1000 796 1053 Squamulae
818 999 930 1041 binae
964 999 1141 1041 minutae
1167 998 1389 1041 interdum
1422 1000 1568 1042 nullae.
1608 997 1801 1041 Stamina
1840 1000 1937 1042 tria.

239 1057 453 1101 Ovarium
493 1057 707 1112 glabrum.
733 1057 842 1110 Styli
876 1059 964 1100 bini
1002 1058 1256 1101 terminales
1280 1058 1393 1111 longi
1419 1058 1505 1101 ima
1527 1058 1621 1100 basi
1648 1059 1713 1100 vel
1743 1058 1869 1111 longe
1895 1059 1937 1100 in

242 1129 379 1159 unum
410 1118 582 1160 connati
621 1117 898 1169 stigmatibus
932 1117 1145 1171 plumosis
1183 1128 1237 1158 ex
1278 1117 1396 1170 apice
1435 1117 1558 1160 floris
1591 1118 1937 1170 emergentibus.

238 1175 476 1230 Caryopsis
501 1177 684 1229 oblonga
707 1189 730 1217 a
758 1175 888 1218 dorso
912 1187 1163 1230 compressa
1199 1175 1252 1217 ad
1294 1176 1419 1218 basin
1446 1175 1616 1219 ventris
1642 1176 1728 1219 hilo
1772 1177 1939 1229 puncti-

240 1235 367 1277 formi
391 1234 530 1277 obsita
552 1234 772 1288 glumellis
795 1235 961 1278 inclusa
986 1234 1063 1277 sed
1106 1235 1255 1277 libera.
1292 1259 1346 1264 ——
1369 1235 1528 1278 Herbae
1561 1235 1743 1289 spiculis
1772 1236 1934 1278 l-S-nis

240 1293 286 1335 in
314 1294 456 1347 spic-as
477 1294 698 1348 simplices
724 1293 961 1347 dispositis.

240 1459 364 1502 Sam«.
408 1459 443 1500 Ι.
486 1457 940 1500 EUPENNISETUM.
986 1482 1039 1488 —
1090 1457 1310 1500 Involucri
1356 1463 1461 1501 setae
1508 1463 1662 1502 teuues
1705 1459 1932 1513 capillares

536 1518 746 1619 ἓὲῐῑιῗὲῗὶιη
781 1518 1006 1559 manifeste
1035 1521 1311 1571 superantes.
1346 1517 1455 1571 Styli
1491 1518 1614 1560 liberi
1640 1519 1705 1561 vel
1734 1519 1819 1562 ima
1845 1518 1936 1560 basi

302 1708 339 1749 1.
383 1706 440 1749 P.
480 1704 890 1748 dichotomum
920 1705 1090 1760 (Forsk.
1120 1706 1271 1748 Descr.
1309 1707 1365 1748 20
1403 1705 1485 1749 sub
1524 1705 1712 1761 Panico]
1743 1718 1936 1759 perenne

238 1766 472 1808 dumosum
495 1764 709 1817 glabrum,
739 1765 893 1807 culmis
919 1764 1041 1806 duris
1063 1765 1234 1819 junceis
1261 1765 1411 1819 rigidis
1444 1768 1566 1819 parte
1600 1766 1796 1809 inseriori
1835 1779 1934 1820 per-

240 1824 501 1867 sistentibus
548 1823 601 1865 ad
649 1823 786 1866 nodos
827 1824 1030 1876 prolifere
1069 1828 1112 1866 et
1149 1824 1426 1867 fasciculatim
1464 1825 1665 1879 ramosis,
1689 1826 1932 1868 culmorum

241 1884 408 1936 vaginis
443 1882 633 1936 aphyllis
678 1883 841 1936 apertis
884 1883 1087 1925 scariosis
1132 1883 1381 1926 lanceolatis
1424 1883 1782 1938 persistentibus,
1823 1884 1935 1928 soliis

239 1943 400 1985 rameis
435 1954 457 1984 e
493 1942 648 1995 vagina
681 1941 943 1984 subditatata
978 1941 1188 1985 brevibus
1232 1942 1382 1995 rigidis
1430 1943 1674 1985 convolutis
1727 1955 1934 1997 supremo

237 2013 356 2056 saepe
385 2002 548 2054 spicam
574 2001 893 2053 involucrante‚
913 2001 1044 2054 spicis
1068 2001 1368 2055 cylindraceis‚
1395 2001 1570 2046 rachide
1590 2003 1746 2055 aspera
1773 2003 1934 2055 glabra.

238 2060 454 2102 involucri
487 2059 655 2101 sessilis
695 2059 800 2102 setis
846 2060 1094 2102 numerosis
1133 2060 1420 2115 inaequalibus
1453 2060 1609 2103 albidis
1647 2061 1932 2104 interioribus

242 2119 528 2160 validioribus
555 2118 722 2160 inferne
747 2118 959 2171 plumosis
985 2119 1155 2172 spicula
1179 2119 1616 2174 sesquilongioribus‚
1640 2120 1819 2174 spiculis
1833 2121 1935 2163 soli-

239 2178 363 2220 tariis
401 2178 543 2220 rarius
584 2177 696 2218 binis
735 2178 997 2227 lanceolatis,
1033 2179 1179 2231 gluina
1224 2179 1444 2221 exteriore
1490 2178 1932 2232 oblongo-lanceolata

236 2239 364 2279 acuta
392 2236 577 2278 trinervi
613 2236 740 2278 tertia
790 2239 910 2290 parte
950 2237 1165 2279 breviore.
1201 2238 1432 2291 superiore
1463 2238 1759 2291 glumellaque
1810 2238 1932 2280 floris

239 2296 419 2338 masculi
459 2295 719 2349 aequilongis
764 2295 916 2338 florem
968 2296 1348 2349 hermaphoditum
1400 2296 1676 2350 aequantibus
1732 2297 1931 2340 concavis

237 2355 503 2396 5-7-nerviis
551 2353 1010 2407 oblongo-lanceolatis
1057 2356 1332 2403 acuminatiS,
1399 2356 1517 2408 palea
1569 2355 1692 2398 floris
1751 2356 1929 2399 masculi

235 2413 490 2466 angustiore
523 2417 564 2454 et
608 2414 910 2463 subbreviore‚
945 2414 1066 2456 floris
1099 2414 1443 2468 liermapliroditi
1480 2414 1687 2468 glumella
1729 2415 1932 2467 oblongo-

238 2471 474 2514 lanceolata
518 2472 1049 2516 acuminato-subaristata
1092 2474 1151 2519 Qt.
1178 2472 1225 2515 P.
1258 2473 1556 2515 dlehotomum
1585 2473 1678 2516 Del.
1708 2474 1782 2525 Eg.
1831 2474 1928 2522 144,

236 2531 326 2573 tab.
370 2533 410 2582 8,
445 2532 514 2584 fig.
540 2556 594 2561 —-
623 2530 906 2573 Penni-satum
930 2531 1273 2584 phalaroidemn
1296 2532 1391 2576 Sch.
1426 2556 1482 2562 -—
1522 2531 1731 2575 Phalaris
1761 2535 1929 2575 salacea

236 2590 374 2632 Forsk
399 2590 548 2633 Descr.
578 2591 642 2631 17.
667 2614 721 2619 —
746 2589 968 2632 Cenchreas
991 2590 1325 2632 ramosi-ssimae
1348 2592 1461 2634 Poir.
1486 2591 1588 2633 Enc.
1615 2591 1684 2643 VI,
1713 2593 1781 2633 51.

282 2673 387 2708 Hah.
409 2673 450 2708 in
467 2673 643 2708 arenosis
667 2672 833 2708 vallium
854 2673 995 2709 deserti
1016 2674 1175 2710 Arabici
1195 2674 1339 2721 Egypti
1359 2674 1408 2710 ad
1429 2675 1634 2721 Kahiram‚
1665 2675 1776 2717 Suez,
1795 2675 1926 2721 Egyp-

235 2723 319 2755 tum
346 2720 517 2755 mediam
548 2720 705 2763 (Pol-sk,
739 2720 838 2755 Del..
867 2721 982 2756 Siebl
1006 2721 1129 2757 Krall
1159 2723 1260 2766 etc).
1290 2722 1442 2757 Arabia
1463 2723 1600 2758 Petrea
1626 2723 1776 2765 (Bove!
1799 2722 1930 2758 Auchi

232 2767 408 2813 Schimp.
429 2767 542 2810 1511),
564 2767 719 2802 Arabiae
742 2777 860 2812 regno
881 2768 1050 2804 Mascate
1071 2771 1109 2804 et
1128 2768 1258 2805 Persia
1275 2769 1439 2805 australi
1456 2770 1598 2814 (Auch.
1614 2769 1924 2815 54321),Affgha-

230 2814 301 2850 nia
320 2814 369 2849 ad
389 2813 550 2860 Otipore
588 2813 700 2849 Griff.
719 2814 839 2859 3211).

282 2878 418 2914 Facies
441 2881 477 2914 et
495 2878 726 2914 ramificatio
749 2879 894 2915 Pam'cz'
911 2879 1073 2926 turqzdz’.

281 2943 346 2978 Ar.
370 2943 503 2988 Geogr.
527 2943 684 2988 Algeria
705 2942 876 2989 interior,
896 2943 1010 2979 India
1028 2943 1465 2981 boreali-occidentalis.

2056 617 2059 650 l

2056 674 2060 700 l

2058 1192 2062 1259 l
