2089 3246
123 216 278 265 Vulpia.
853 227 1077 255 GRAMINEAE
1747 221 1823 260 629

110 301 245 345 nulla.
275 299 506 353 superiore
530 298 710 341 flosculo
751 300 947 353 proximo
977 302 1198 344 multoties
1240 301 1456 352 breviore,
1481 302 1685 353 glumellzi
1730 305 1822 346 lan-

109 359 270 401 ceolatzi
291 358 481 400 carinula
507 357 597 400 basi
616 362 660 400 et
685 359 877 410 margine
901 361 1045 402 rarius
1073 361 1263 414 undique
1289 360 1444 402 villosa
1468 362 1607 403 eiliata
1635 363 1672 402 in
1711 365 1819 405 aris-

109 420 194 459 tam
223 418 272 459 ea
297 417 428 470 duplo
455 417 688 469 longiorem
706 422 941 469 attenuata,
969 420 1152 461 stamine
1181 419 1336 471 saepius
1363 420 1486 460 unico
1510 424 1573 469 O.
1613 421 1646 465 Γ,
1665 421 1818 464 viliam

111 474 219 518 Link
246 475 367 517 llort.
397 475 534 517 Berol.
562 475 591 528 l,
623 489 658 528 p.
683 477 781 518 147.
811 501 861 506 —
891 476 1089 519 HostGr.
1117 477 1199 519 tab.
1224 480 1293 520 65.
1318 501 1373 508 —
1407 477 1441 518 V.
1471 490 1652 530 munros
1682 480 1817 524 liclib.

108 547 196 578 exc.
223 538 266 578 et
290 533 435 576 Germ.
468 534 534 587 lig.
555 536 639 577 0289
661 548 713 576 an
737 534 798 576 L?
832 548 915 578 non
939 535 1073 578 Gmcl.

156 607 258 642 Hah.
274 609 311 642 in
329 608 519 650 arenosis,
536 607 691 643 collinis
707 608 877 653 regionis
894 609 1238 653 inferioris‚Attica
1254 609 1290 643 in
1308 611 1438 643 monte
1453 609 1600 644 Parnes
1611 612 1760 656 (Sprun
1778 615 1821 659 ἔ),

108 655 159 690 ad
182 654 353 690 Laurion
384 654 574 704 &Helm-l).
604 655 786 698 Byzantii
814 656 971 701 (Noel),
1004 658 1118 691 Creta
1153 656 1312 699 (Siebt),
1343 655 1532 700 Bithynia
1565 658 1800 705 (Selnnultl)

1806 689 1813 704 ἶ

108 701 263 748 Cyprus
284 702 401 745 (Sint.
422 705 458 736 et
479 701 762 746 Rig!)‚Tauria
778 702 968 746 (Reliml).
999 703 1125 738 Iberia
1147 703 1216 746 (M.
1239 703 1313 746 13.)‚
1335 713 1445 749 prov.
1467 703 1815 742 Transcnucnsiere

107 748 320 841 ξζῶιόξξεὶςὴ
345 751 382 784 et
407 748 583 794 Talyscli
613 750 747 791 (διον.
767 748 808 785 C.
830 751 874 785 A.
905 750 1027 795 Moy),
1053 750 1187 786 Persia
1221 750 1409 785 australis
1438 750 1487 784 ad
1523 751 1683 786 Dalecln
1719 753 1814 798 (lx'y.

165 861 208 915 β.
250 861 467 913 plumosa.
510 885 557 891 —
599 860 782 915 Spiculae
818 866 985 904 tantum
1023 862 1195 905 trillorae
1233 862 1424 904 flosculis
1463 863 1694 916 spiraliter
1742 876 1818 908 nec

107 920 290 963 disticlie
315 921 552 973 dispositis,
576 921 720 973 gluma
747 922 952 974 superior
980 921 1235 964 brevissima
1263 921 1443 962 inferior
1472 923 1542 963 vix
1569 924 1820 975 perspicua.

104 979 317 1033 glumellae
332 980 426 1022 cilia
452 980 654 1022 densiora
684 981 877 1032 longiora
903 979 1037 1034 magis
1067 981 1268 1033 patentia.

153 1051 255 1087 Hab.
279 1052 318 1087 in
340 1053 576 1097 graminosis
599 1053 722 1088 Gebel
743 1053 879 1088 Nahar
900 1063 969 1099 pro
1001 1064 1021 1088 e
1040 1053 1193 1100 Aleppo
1214 1053 1342 1099 Syriae
1361 1056 1398 1088 et
1417 1053 1458 1088 in
1475 1053 1628 1089 deserto
1653 1054 1816 1091 ‹Jliabur

107 1102 145 1136 et
163 1099 287 1136 Gebel
307 1099 463 1135 Taktak
491 1100 790 1146 Mesopotamiae
813 1065 1051 1146 (Haussigt).

152 1165 214 1200 Ar.
236 1165 368 1209 Geoqr.
390 1164 586 1209 Belgium,
607 1164 739 1200 Gallia
760 1165 1016 1200 occidentalis
1036 1169 1071 1200 et
1093 1165 1290 1210 australis,
1313 1165 1494 1200 Helvetia
1516 1165 1709 1208 australis,
1733 1165 1811 1201 Lu-

103 1211 257 1257 sitania,
277 1211 484 1258 Hispania,
509 1211 635 1257 Italia,
655 1212 780 1254 istria,
806 1212 1016 1258 Dalmatia,
1035 1213 1166 1248 Africa
1187 1212 1371 1248 borealis.

164 1330 204 1373 4.
227 1327 287 1369 V.
327 1327 703 1382 hirtiqlumis
743 1328 905 1382 (Boiss.
942 1333 984 1370 et
1021 1328 1324 1371 Hausskneclit
1358 1328 1401 1369 in
1445 1327 1598 1370 Sebed.
1639 1327 1699 1368 Pl.
1733 1327 1809 1369 Or.

112 1386 244 1442 1865)
269 1399 427 1439 annua,
455 1387 610 1429 culmis
636 1388 794 1430 erectis
816 1388 1158 1440 subgeniculatls
1181 1388 1334 1437 firmis,
1352 1387 1464 1428 soliis
1481 1389 1665 1438 anguste
1684 1387 1815 1428 tinea-

107 1446 230 1488 ribus
253 1447 510 1488 convolutis.
536 1447 815 1500 superiorum
831 1446 997 1500 vaginis
1017 1447 1207 1489 dilatatis
1229 1448 1436 1501 suprema
1459 1446 1664 1498 panicutae
1691 1445 1813 1488 basin

109 1505 412 1558 amplectente,
441 1505 648 1560 paniculae
680 1506 967 1548 subsecundae
999 1510 1227 1548 contractae
1255 1505 1517 1559 spirisormis
1547 1509 1697 1546 erectae
1721 1505 1815 1547 basi

106 1576 218 1618 saepe
245 1564 500 1618 interruptae
523 1566 656 1607 ramis
681 1565 846 1607 strictis
871 1564 1080 1607 brevibus
1109 1578 1131 1607 a
1156 1564 1247 1606 basi
1279 1564 1569 1618 spiculigeris,
1593 1564 1816 1616 pedicollis

107 1622 318 1666 brevibus
344 1624 623 1677 compressis,
646 1624 827 1678 spiculis
865 1624 1088 1666 5-6·ssoris
1134 1624 1326 1666 flosculis
1354 1622 1556 1677 pluribus
1583 1622 1815 1675 fertilibus,

104 1682 265 1736 glumis
301 1682 778 1725 lanceolato-subulatis
804 1683 956 1736 rigidis
980 1683 1127 1725 carina
1153 1682 1463 1726 remotiuscule
1497 1682 1650 1723 ciliatis
1676 1694 1817 1735 supe-

104 1741 220 1783 riore
245 1741 426 1784 flosculo
450 1742 647 1795 proximo
667 1742 844 1784 dimidio
872 1741 1081 1790 breviore,
1106 1742 1313 1785 inferiore
1334 1744 1382 1783 ea
1406 1741 1577 1794 2-3-plo
1598 1740 1812 1790 breviore,

104 1800 308 1854 glumella
339 1801 490 1843 lineari
519 1801 562 1842 in
587 1802 764 1844 aristam
783 1803 832 1842 ea
861 1801 993 1856 duplo
1020 1801 1255 1853 longiorem
1286 1801 1474 1843 abeunte
1500 1800 1813 1843 dorso,rotun-

105 1858 204 1902 data
234 1859 425 1913 undique
450 1860 549 1914 pilis
578 1861 910 1914 erecto-patulis
938 1861 1072 1903 dense
1098 1860 1266 1913 bispida
1292 1863 1356 1910 Θ.

150 1934 254 1970 Hab.
276 1937 314 1970 in
337 1936 466 1972 vineis
487 1937 785 1984 Mesopotamiae
803 1946 925 1983 prope
946 1937 1040 1972 Orsa
1060 1936 1238 1980 (Haussk
1252 1938 1288 1981 l).

152 1998 251 2034 Cum
271 2001 452 2045 panicula
470 2004 638 2047 angusta
659 2001 928 2048 4-5-pollicari
949 2001 1110 2048 pedalis.
1129 2003 1163 2037 A
1195 2000 1230 2035 V.
1248 1998 1387 2037 σι’ῖίαεᾶ
1408 2000 1589 2035 distincta
1609 1999 1813 2041 nluniellis

108 2054 187 2082 non
209 2047 642 2095 carinam-compressis
681 2049 749 2084 sed
781 2048 898 2085 dorso
937 2050 1127 2085 convexis
1166 2049 1343 2095 undique
1375 2048 1552 2093 hirsutis,
1588 2047 1814 2093 glumisque

103 2094 272 2139 sparsim
293 2098 331 2130 et
348 2096 596 2142 longiuscule
615 2095 772 2132 ciliatis.

165 2211 189 2252 5
227 2210 291 2252 V.
318 2212 653 2267 uniqlumis
680 2212 786 2268 (Sol.
823 2214 864 2255 in
901 2213 986 2254 Ait.
1021 2213 1141 2255 Kew.
1175 2212 1206 2261 l,
1239 2213 1314 2266 53)
1350 2224 1511 2263 annua,
1535 2211 1694 2252 culmis
1722 2210 1814 2253 basi

105 2269 266 2323 saepius
293 2270 550 2321 geniculatis
578 2272 755 2320 erectiS.
783 2272 894 2314 foliis
916 2277 1101 2324 anguste
1127 2271 1365 2313 linearibus
1396 2271 1572 2312 demum
1607 2269 1814 2311 convolu-

104 2329 159 2370 tis
180 2327 356 2382 glabris.
375 2330 604 2383 superiore
633 2331 847 2384 paniculae
867 2332 1063 2384 proximo
1087 2334 1259 2384 etszepc
1279 2332 1373 2383 ejus
1399 2329 1521 2370 basin
1548 2328 1814 2375 includente.

104 2387 234 2440 ligula
261 2387 380 2430 brevi
407 2392 623 2439 truncata,
661 2391 871 2443 paniculre
907 2395 1138 2432 contractae
1161 2388 1518 2432 subuuilateralis
1560 2387 1817 2430 racemifer,

105 2447 186 2488 mis
214 2450 369 2489 erectae
389 2448 686 2502 subsimplicis
711 2449 844 2491 ramis
869 2449 1144 2490 brevissimis
1172 2449 1353 2497 strictis,
1372 2447 1593 2501 pedirellis
1621 2446 1814 2497 longius-

105 2505 214 2547 culis
245 2507 508 2559 compressis
548 2520 569 2548 a
610 2507 700 2549 basi
735 2509 787 2551 ad
830 2508 993 2561 apicem
1034 2508 1302 2556 incrassatis,
1338 2507 1519 2560 spiculis
1558 2505 1812 2558 majusculis

104 2574 295 2617 superne
346 2565 534 2609 dilatatis
572 2566 809 2614 4-7-floris,
845 2569 988 2619 gluma
1026 2567 1230 2609 inferiore
1279 2569 1399 2607 acuta
1438 2564 1697 2605 brevissima
1743 2565 1810 2606 vel

104 2621 310 2668 obsoleta.
339 2626 569 2678 superiore
587 2624 1001 2668 lineari-lanceolata
1028 2626 1247 2667 multoties
1267 2626 1606 2677 longiorelonge
1629 2623 1812 2667 aristatzt

105 2680 311 2724 flosculos
343 2685 641 2736 subaequante,
664 2684 870 2736 glumelta
911 2684 1323 2727 lineari-lanceolata
1361 2682 1510 2736 glabra
1540 2681 1590 2722 ad
1620 2681 1810 2722 carinam

105 2741 258 2784 scabra
283 2741 324 2782 in
353 2743 529 2785 aristam
559 2744 845 2797 aequilongam
888 2744 953 2786 vel
993 2744 1226 2796 longiorem
1264 2744 1428 2785 sensim
1459 2743 1695 2785 attenuata,
1726 2745 1811 2781 sta-

105 2799 296 2842 minibus
320 2803 457 2843 ternis
480 2802 678 2845 anthei-is
715 2805 863 2855 parvis
904 2803 1279 2853 lineari-oblongis
1311 2806 1374 2851 O.
1405 2801 1511 2841 llort
1545 2800 1694 2841 Austr.
1722 2800 1806 2840 tal).

105 2857 172 2899 64.
199 2882 254 2889 —
281 2859 322 2900 V.
351 2861 595 2913 uniylumis
631 2861 747 2903 Parl.
770 2886 828 2890 —
853 2861 890 2903 F
906 2860 1150 2902 hromoides
1177 2860 1218 2901 L.
1253 2862 1325 2912 Sp.
1370 2862 1462 2909 1¹0,
1483 2872 1532 2901 ex
1559 2860 1697 2900 deser.
1726 2871 1810 2901 non

106 2915 230 2959 Auct.
272 2918 388 2971 plur.
420 2943 474 2949 —
513 2919 677 2971 Vulpia
712 2919 1040 2961 membranacea
1072 2920 1180 2962 Link
1225 2919 1344 2961 llort.
1375 2918 1515 2960 Berol.
1554 2917 1584 2961 l.
1629 2918 1720 2958 ¹47.
1754 2939 1810 2948 -

106 2973 287 3018 Festuca
313 2977 586 3020 Matritensis
613 2979 732 3021 Desf.
756 2979 840 3022 Atl.
869 2991 919 3020 ex
947 2980 997 3020 cl.
1023 2979 1184 3021 Cosson
1216 2991 1297 3020 non
1324 2978 1447 3019 Auct.
