2089 3246
186 272 329 308 Arum.
956 279 981 304 A
990 278 1132 305 Μῶμε
1863 272 1911 308 37

238 349 339 386 Hah.
361 349 401 384 in
423 348 571 383 Cilicia·
590 350 722 383 monte
745 347 1042 392 Bulahardagh‚
1060 349 1097 383 in
1120 347 1311 393 angustiis
1332 346 1443 382 Karli
1466 347 1624 393 Boghaz
1647 351 1684 383 et
1703 350 1906 385 montibu.

190 399 351 434 Kassan
373 396 504 441 Oghlu
524 394 575 430 ad
594 395 789 430 Gorumse
813 395 904 440 [ΚΥ.
926 396 969 430 81
988 398 1027 439 1),
1048 395 1200 430 Libano
1220 395 1268 429 ad
1293 394 1440 429 (ledros
1455 394 1532 438 (131.
1556 395 1624 429 775>
1640 397 1676 439 1).
1699 398 1904 442 specimen

191 443 472 528 &gilli-oum
491 442 659 478 Gudrun
680 442 1070 478 lx'urdistaniaeawo'
1097 441 1310 486 (Hausskt)
1346 441 1423 476 huc
1459 451 1618 488 quoque
1656 444 1906 480 referendum

243 554 381 590 Differt
399 564 422 588 a
441 554 537 599 typo
558 551 667 588 foliis¹
677 552 933 598 acutioribus,
951 552 1139 588 auriculis
1159 551 1402 587 basilaribus
1418 551 1615 595 elongatis
1633 555 1768 591 acutis.
1787 555 1905 600 hujus·

195 612 354 648 quoque
371 601 547 637 annulus
559 600 809 634 numerarem
825 600 946 644 niger.
962 600 1120 646 Species
1137 600 1186 634 ab
1205 596 1443 645 Δὡνηρίοοῐά.
1459 600 1600 644 sputlu‘i
1619 600 1745 644 longa.
1759 613 1904 648 uppen-

200 650 285 685 [lice
304 649 552 684 crassissima
571 648 735 682 omnino
758 646 899 691 aliena,
917 646 1036 682 sulcis
1056 646 1264 693 profundis
1283 646 1438 681 areolas
1466 646 1778 691 longitudiualcs
1796 649 1904 684 elon-

193 700 314 743 gatas
335 707 358 732 a
378 696 526 742 quibus
548 694 639 730 cilia
658 694 853 740 prodeunt
868 694 1283 730 circumscribentibus
1304 692 1509 729 notabilis.

253 808 293 849 3.
316 806 380 851 A.
409 805 806 849 Palaestinum
833 804 994 859 (Boiss.
1022 806 1172 858 Diagu.
1198 805 1289 847 Ser.
1328 805 1357 847 Ι.
1395 807 1443 848 13
1473 820 1512 860 p.
1543 807 1588 859 6)
1628 807 1783 850 tubere
1815 809 1904 861 glo-

199 867 303 909 boso
345 866 572 919 depresso,
617 865 786 918 petiolis
833 865 990 907 lamina
1034 866 1177 917 ampla
1223 865 1354 919 triplo
1400 866 1668 919 longioribus
1711 867 1800 909 l'cre
1849 868 1903 909 ad

195 926 386 968 medium
428 936 568 977 usque
597 923 826 976 vaginatis,
852 925 965 966 foliis
998 925 1137 967 ovatis
1164 925 1228 966 vel
1261 924 1458 978 oblongis
1495 926 1903 977 hastato-sagittatis

196 986 305 1027 lobis
334 982 665 1036 divcrgentibus
685 983 825 1025 ovatis
852 983 1035 1037 obtusis,
1063 983 1307 1037 pedunculo
1331 984 1499 1036 petiolis
1527 985 1785 1038 mquilougo,
1805 998 1903 1038 spa-

193 1045 277 1087 tlue
301 1048 429 1085 extus
458 1042 612 1084 viridis
637 1042 756 1084 intus
781 1046 1115 1096 atropurpureae
1141 1043 1427 1085 immaculalae
1459 1043 1561 1085 tubo
1599 1045 1902 1098 campanulato

193 1105 233 1145 in
277 1102 475 1144 laminam
520 1101 603 1143 late
642 1101 1134 1154 oblongo—lanceolatam
1177 1101 1374 1144 obtusam
1415 1103 1561 1145 rarius
1609 1104 1900 1145 acuminatam

191 1162 384 1212 abeunti,
408 1160 596 1214 spadicis
624 1161 863 1214 appendice
895 1163 1219 1215 atropurpurea
1253 1161 1409 1214 spatha
1437 1162 1727 1205 subbreviore
1754 1175 1902 1205 crasse

192 1221 465 1275 cylindracea
491 1221 563 1261 vix
603 1221 783 1270 clavata,
808 1221 970 1262 annulo
998 1222 1182 1263 femineo
1212 1225 1254 1263 et
1282 1221 1475 1263 masculo
1514 1221 1603 1263 fere
1627 1222 1904 1275 aequilongis‚

192 1280 455 1334 genitalibus
489 1280 700 1322 abortivis
739 1280 849 1321 infra
885 1283 928 1322 et
955 1292 1089 1334 supra
1125 1280 1310 1322 stamina
1353 1282 1602 1323 numerosis
1639 1286 1903 1335 atropurpu-

197 1340 283 1383 reis
333 1351 359 1379 a
411 1338 501 1381 basi
556 1338 797 1382 incrassata
847 1340 1131 1382 verruculosa
1178 1340 1308 1394 louge
1354 1340 1536 1382 setaccis
1592 1343 1649 1385 26.
1700 1340 1753 1382 Ic.
1808 1340 1901 1383 Bot.

194 1399 299 1453 Mag.
328 1399 413 1441 tab.
450 1399 580 1441 5509.

240 1473 329 1518 Hah
355 1474 403 1509 ad
418 1472 568 1509 radices
584 1472 745 1519 rupium
766 1472 1044 1509 umbrosorum
1059 1473 1280 1517 Palestinae‚
1292 1475 1394 1510 circa
1410 1473 1730 1519 Hierosolymam
1747 1474 1905 1519 (Boisst

193 1520 463 1614 &figbsesyffffid
476 1520 701 1604 &bg-gosch
720 1519 813 1566 (Ky.
829 1520 936 1565 ·'13⁴.)!)
956 1521 1006 1556 ad
1022 1521 1225 1567 Naplouse
1243 1521 1416 1568 (Bai-bey
1432 1523 1469 1568 1),
1490 1523 1526 1557 iu
1556 1525 1689 1557 monte
1725 1521 1904 1562 Carmel«)

244 1633 390 1670 Petioli
410 1634 570 1681 pedales
599 1636 638 1669 et
665 1633 779 1677 ultra,
809 1633 960 1669 lamina
987 1634 1052 1670 5-8
1072 1634 1235 1681 pollices
1269 1634 1401 1680 longa,
1417 1635 1561 1682 spatha
1593 1635 1905 1682 5·7-pollicuris;

195 1683 345 1728 species
376 1682 476 1717 inter
512 1681 648 1716 affines
682 1681 826 1728 spatha
862 1682 1097 1728 plerumque
1130 1682 1273 1717 obtusa
1313 1684 1600 1729 atropurpurea
1639 1683 1906 1728 immaculata,

197 1729 416 1776 appendice
435 1732 577 1774 crassa,
599 1729 743 1764 florum
760 1727 910 1765 annulo
932 1730 1110 1765 masculo
1138 1732 1177 1765 et
1203 1730 1374 1766 feminco
1394 1731 1637 1777 {equilougis
1659 1730 1855 1766 distincta.

254 1821 292 1861 4.
319 1820 382 1863 A.
406 1819 703 1869 Creticum
728 1819 891 1875 (Boiss.
920 1823 964 1863 et
990 1820 1136 1863 Heldr.
1164 1821 1317 1875 Diagn.
1347 1821 1443 1864 Ser,
1468 1821 1498 1863 1.
1526 1823 1593 1875 13,
1614 1835 1653 1876 p.
1680 1822 1726 1868 9]
1753 1822 1905 1865 tubere

195 1880 375 1933 globoso
399 1879 624 1933 deprcsso,
655 1879 826 1932 petiolis
852 1879 964 1922 ultra
994 1881 1185 1923 medium
1221 1881 1345 1934 longe
1378 1881 1594 1934 vaginatis
1630 1882 1789 1924 lamina
1813 1894 1906 1925 ses-

199 1938 564 1992 quilongioribus.
588 1938 702 1981 foliis
741 1939 1218 1994 triangulari-oblongis
1253 1941 1468 1993 sagittatis
1500 1940 1609 1984 lobis
1646 1942 1841 1983 breviter
1864 1946 1907 1983 et

199 1998 282 2041 late
309 1997 656 2051 triangularibus
682 1998 821 2042 acutis
859 1998 1203 2052 divergentibus,
1239 2000 1486 2053 pedunculo
1520 2001 1692 2054 petiolis
1726 2000 1906 2043 sublon-

196 2058 330 2111 giore‚
356 2058 520 2111 spathae
546 2057 652 2101 tubo
676 2062 802 2100 ovato
827 2057 986 2101 lamina
1008 2059 1192 2112 oblonga
1223 2060 1469 2102 acuminata
1499 2060 1642 2103 albida
1680 2059 1904 2103 interdum

196 2116 595 2171 rubello-punctata
629 2117 757 2171 triplo
783 2117 1000 2170 breviore,
1024 2118 1264 2172 appendice
1300 2119 1512 2161 susiformi
1547 2120 1706 2162 ssavida
1734 2119 1906 2162 rubello

193 2175 361 2219 suffusa
388 2176 541 2230 spatha
565 2176 868 2225 subbreviore,
893 2177 1067 2220 annulis
1100 2177 1260 2220 florum
1303 2178 1588 2221 femineorum
1617 2184 1659 2222 et
1693 2182 1906 2222 masculo-

192 2247 291 2277 rum
327 2235 672 2290 subaequilongis
698 2237 1013 2290 subcontiguis,
1039 2237 1303 2290 genitalibus
1333 2237 1544 2281 abortivis
1566 2239 1681 2282 iuter
1716 2239 1904 2281 annulos

194 2294 469 2395 palum-issimis
494 2308 629 2349 supra
652 2295 865 2339 annulum
889 2297 1132 2340 masculum
1169 2296 1302 2340 nullis
1339 2303 1398 2345 2⁶.
1432 2297 1590 2341 Baulin
1616 2299 1766 2342 Descr.
1789 2296 1902 2341 Cret.

193 2358 234 2396 ta
273 2386 281 2394 .
318 2355 383 2396 17.

246 2427 349 2463 Hah.
379 2428 421 2463 in
458 2428 646 2475 lapidosis
686 2428 822 2471 Cretm,
855 2429 950 2464 faux
983 2429 1088 2465 Selia
1117 2428 1324 2476 Eparchiae
1361 2430 1492 2477 Hagio
1529 2431 1686 2478 vass-ily
1719 2434 1756 2468 et
1788 2442 1904 2467 mons

202 2474 370 2511 Tavutsi
390 2476 595 2523 Eparcliiw
623 2476 718 2512 Sitia
736 2476 842 2513 5000·
863 2476 1048 2521 (Heldr!)
1069 2476 1124 2512 Fl.
1146 2479 1238 2524 Apr.

241 2537 443 2574 Foliorum
460 2539 608 2574 lamina
624 2539 691 2575 3-5
710 2539 870 2586 pollices
888 2540 1008 2585 longa
1021 2543 1058 2575 et
1072 2540 1161 2583 lata,
1177 2541 1321 2587 spatha
1338 2541 1404 2576 5-9
1421 2542 1585 2588 pollices
1606 2542 1903 2588 longa,species

196 2585 410 2632 appendice
430 2587 691 2622 crassiuscula
722 2588 920 2622 fusisormi
939 2597 1009 2623 nec
1038 2588 1223 2624 distincte
1252 2589 1431 2635 stipitata
1453 2592 1489 2625 et
1522 2590 1760 2635 genitalium
1788 2590 1903 2625 steri-

194 2632 292 2669 lium
310 2632 530 2670 deficientia
545 2634 735 2670 notabilis
756 2634 921 2670 ulterius
941 2635 1203 2671 observanda.

254 2741 293 2781 5.
332 2740 392 2782 A.
425 2740 862 2796 hyqrophilum
896 2740 1057 2790 (Boiss.
1088 2741 1240 2794 Diagn.
1267 2740 1369 2784 Ser.
1396 2743 1426 2784 Ι.
1453 2742 1519 2790 13.
1540 2754 1578 2795 p.
1604 2742 1649 2797 7)
1670 2743 1825 2786 tubere
1832 2775 1900 2790 .....

193 2799 366 2853 petiolis
408 2800 566 2842 lamina
597 2800 816 2853 subtriplo
859 2800 1125 2852 longioribus
1168 2804 1290 2854 parte
1327 2801 1454 2845 tertia
1487 2802 1694 2845 inferiore
1719 2806 1901 2855 anguste

193 2859 418 2911 vaginatis‚
444 2859 554 2900 soliis
580 2859 1027 2902 hastato-subtrilobis
1054 2860 1162 2902 lobis
1187 2861 1399 2914 elongatis
1429 2862 1678 2904 lanceolatis
1707 2862 1900 2914 margine

193 2918 381 2960 crosulis
413 2918 668 2962 lateralibus
689 2919 811 2961 valde
841 2922 883 2962 et
910 2930 1025 2973 sche
1060 2919 1390 2963 borizonlaliter
1409 2920 1740 2973 divergcutibus
1766 2921 1900 2963 inter-

195 2977 338 3019 medio
379 2977 639 3032 aequilongis
667 2978 733 3020 vel
768 2978 947 3021 dimidio
987 2979 1276 3030 brevioribus,
1305 2980 1552 3033 pedunculo
1592 2981 1762 3034 petiolis
1797 2979 1901 3022 sub-

195 3035 411 3089 breviore,
437 3037 601 3092 spatlioe
626 3050 773 3093 parvae
797 3042 992 3092 angustze
1019 3039 1147 3081 viridi
1168 3041 1672 3094 purpurco-marginatw
1695 3041 1756 3082 vol
1778 3041 1898 3082 intus
