2089 3246
150 216 304 253 Avena.
886 226 1110 255 summm
1776 222 1845 258 5111

148 301 318 343 interne
342 300 489 350 tortili.
525 300 647 353 palea
677 300 911 344 bicarinata
934 301 1167 344 bidentat&
1196 300 1446 355 Squamulae
1486 302 1608 346 binae.
1649 303 1843 346 Stamina

150 360 249 403 tria.
286 359 494 402 Ovarium
527 371 718 413 superne
749 360 946 414 pilosum.
979 359 1186 413 Stigmata
1222 361 1322 403 bina
1357 362 1615 405 subsessilia
1651 364 1846 416 plumosa

152 418 396 460 terminalia
435 418 675 460 lateraliter
710 420 988 472 emergentia.
1025 418 1259 474 Caryopsis
1295 419 1618 463 subfusisormis
1656 434 1846 475 superne

150 478 304 520 saltem
331 477 463 530 pilosa
490 480 640 520 ventre
666 477 829 520 sulcata
854 478 1018 521 macula
1044 478 1170 520 hilari
1193 479 1390 531 elongata
1416 480 1549 522 libera
1569 480 1645 523 sed
1665 482 1847 532 glumel-

150 536 204 578 lis
231 539 348 578 arcte
375 536 583 578 involuta.
610 559 664 565 —-
690 536 842 580 Herbae
865 537 1045 590 spiculis
1074 537 1240 590 magnis
1279 538 1345 579 vel
1391 539 1642 592 maJ'usculis
1672 540 1847 593 panicu-

151 594 262 637 latis.
292 619 342 626 —
370 594 650 638 Ctiaracteres
683 597 918 638 sectionem
941 600 984 637 et
1016 595 1342 638 subsectionum
1375 610 1398 639 a
1426 598 1474 639 cl.
1508 596 1671 640 Cosson
1705 597 1846 651 quoad

151 653 327 696 modum
362 654 678 697 articulationis
708 666 841 697 axeos
869 658 912 698 et
945 667 967 696 a
998 655 1047 696 cl.
1075 654 1213 697 Duval
1242 655 1382 698 Jouve
1414 657 1557 710 quoad
1590 656 1739 699 aristae
1762 657 1847 700 for·

151 725 263 754 mam
291 713 614 767 propositarum
641 717 818 756 secutus
847 726 959 756 sum.

151 898 273 942 SEcT.
324 897 356 938 1.
405 896 678 940 EUAVENA
720 897 796 940 Gr.
847 903 890 942 et
931 897 1064 942 Godr.
1108 923 1158 930 --
1200 899 1385 954 Spiculfe
1421 900 1596 944 demum
1628 901 1844 954 pendulae.

449 957 616 1000 Glumae
655 958 925 1000 ‘le-nerviae.
960 958 1102 1001 Radix
1130 970 1287 1001 annua.
1328 958 1486 1001 Aristae
1523 972 1626 1013 pars
1669 960 1850 1003 inferior

450 1015 686 1069 cylindrica
714 1020 757 1059 et
780 1016 943 1059 bisulca
972 1017 1147 1060 demum
1171 1018 1330 1072 saepius
1353 1018 1601 1061 cochleatim
1625 1022 1749 1061 torta.

151 1195 174 1250 ἓ
198 1195 226 1237 Ι.
250 1195 469 1239 Sativae
493 1194 613 1238 Coss.
642 1219 698 1226 —
725 1195 875 1238 Flores
909 1206 1005 1238 cum
1036 1196 1209 1239 rachide
1249 1208 1336 1240 non
1360 1197 1575 1241 articulati
1600 1201 1643 1240 et
1678 1199 1848 1240 tantuin

721 1254 860 1308 ipsius
884 1255 1091 1297 fractione
1115 1255 1268 1298 soluti.

216 1399 253 1434 1.
291 1393 352 1436 A.
391 1392 590 1436 sativa
627 1391 696 1447 (L.
725 1392 796 1447 Sp.
827 1392 928 1447 118)
958 1393 1155 1446 panicula
1184 1393 1377 1447 undique
1404 1393 1580 1445 diffusa,
1615 1395 1794 1448 spiculis
1826 1396 1850 1436 2

152 1453 297 1495 rarius
325 1452 516 1500 3-ssoris,
544 1453 703 1505 glumis
726 1452 983 1495 acuminatis
1000 1452 1204 1495 flosculos
1223 1452 1551 1506 superantibus,
1568 1454 1740 1496 racliide
1763 1455 1851 1507 gla-

156 1512 234 1554 bra
272 1512 335 1553 vel
374 1511 427 1553 ad
458 1512 627 1556 flosculi
669 1511 888 1554 inferioris
920 1511 1043 1553 basin
1076 1512 1333 1554 bretissime
1362 1512 1515 1565 pilosa,
1543 1513 1722 1555 flosculo
1748 1514 1853 1555 inse-

156 1571 273 1613 riore
301 1571 531 1613 subsessili
565 1570 757 1623 aristam,
790 1571 1019 1623 superiore
1037 1571 1198 1624 saepius
1223 1572 1395 1619 mutico‚
1423 1575 1608 1625 utroque
1631 1572 1850 1614 interdum

154 1630 328 1681 mutico,
356 1629 560 1683 glumella
582 1630 701 1682 apice
728 1629 922 1672 breviter
951 1630 1169 1672 bidentata
1209 1631 1260 1671 ad
1297 1630 1486 1672 medium
1517 1631 1694 1673 aristatii
1718 1631 1850 1672 arista

152 1689 322 1731 inferne
349 1689 482 1739 tortili
511 1693 575 1739 Ε).
595 1688 702 1730 Host
724 1687 868 1730 Gram.
893 1692 922 1731 t.
948 1690 1018 1731 56.

202 1773 444 1818 Frequenter
462 1771 578 1807 culta.

214 1892 253 1933 2.
287 1891 357 1933 A.
392 1890 717 1934 orientalis
747 1889 945 1945 (Sclireb.
975 1889 1086 1943 Spic.
1117 1889 1192 1943 592)
1228 1888 1424 1944 panicula
1457 1889 1853 1932 contracto-subse-

153 1950 310 1996 cunda.
344 1950 524 2004 spiculis
559 1950 737 1999 bissoris,
775 1950 934 2002 glumis
977 1948 1235 1991 acuminatis
1279 1948 1484 1990 flosculos
1525 1949 1852 2001 superantibus,

155 2009 329 2052 rachide
355 2009 504 2063 glabra
532 2009 597 2050 vel
633 2009 684 2050 ad
724 2009 889 2051 flosculi
920 2007 1138 2050 inferioris
1161 2007 1283 2050 basin
1314 2007 1519 2061 pilosum,
1548 2007 1727 2049 flosculo
1749 2007 1854 2049 infe-

154 2070 271 2111 riore
298 2068 441 2112 sessili
481 2071 666 2121 utroque
695 2068 874 2110 aristato
907 2068 971 2109 vel
1014 2067 1244 2120 superiore
1284 2066 1457 2116 mutico‚
1491 2067 1692 2118 gluinella
1734 2067 1853 2119 aplee

155 2127 417 2172 denticulata
444 2127 496 2169 ad
523 2128 711 2169 medium
735 2127 931 2176 aristata,
958 2126 1093 2168 arista
1120 2127 1236 2168 recta
1262 2126 1328 2169 vel
1354 2125 1548 2168 flexuosa
1576 2125 1745 2168 inferne
1770 2138 1852 2167 non

156 2188 292 2229 tortili
322 2192 388 2238 Θ.
415 2186 523 2229 Host
547 2185 692 2228 Gram.
717 2185 800 2227 tab.
830 2187 897 2227 44.

208 2271 307 2306 Hinc
326 2270 416 2306 inde
436 2281 524 2305 cuni
545 2270 594 2305 A.
614 2266 744 2306 sativa?
765 2269 993 2305 intermixta
1013 2269 1131 2305 culta.

218 2392 256 2432 3.
284 2390 342 2434 A.
376 2389 645 2444 strigoso.
668 2388 866 2443 (Schreb.
896 2387 1010 2442 Spic.
1041 2387 1117 2442 52)
1146 2386 1344 2441 panicula
1364 2386 1654 2431 subsecunda,
1679 2385 1858 2440 spiculis

157 2449 340 2500 bissoris‚
367 2449 527 2502 glumis
551 2447 926 2501 subinaequalibus
963 2448 1168 2489 flosculos
1193 2446 1321 2500 paulo
1352 2445 1668 2498 superantibus
1697 2445 1856 2487 acumi-

158 2509 289 2560 natis,
317 2508 490 2551 racliido
519 2507 881 2560 przcterpitorum
909 2506 1159 2548 fasciculum
1185 2505 1238 2547 ad
1264 2504 1383 2547 basin
1413 2505 1581 2546 flosculi
1615 2504 1858 2556 superioris

158 2567 321 2622 glabra,
359 2567 536 2609 flosculo
576 2566 783 2609 inferiore
821 2566 1101 2619 substipitato
1143 2568 1331 2617 utrpque
1374 2565 1437 2605 vel
1474 2564 1609 2605 altero
1653 2563 1860 2615 stipitato,

159 2626 365 2680 glumellu
383 2626 501 2679 apice
521 2626 650 2668 bilida
675 2626 783 2667 lobis
815 2626 937 2677 longe
961 2624 1152 2666 aristatis
1178 2634 1334 2665 versus
1360 2622 1549 2664 inedium
1579 2622 1710 2664 arista
1736 2622 1859 2674 longai

160 2684 328 2729 inferne
345 2686 478 2728 tortili
503 2685 643 2727 obsita
663 2689 727 2734 Θ.
754 2684 862 2727 llost
895 2683 1042 2727 Gram.
1068 2683 1151 2725 tal).
1180 2682 1250 2724 δῦ.

160 2768 304 2859 ΜΗιιΙῖ.
344 2769 382 2804 in
431 2769 550 2815 pratis
599 2768 648 2804 ad
686 2778 795 2803 marc
839 2768 1027 2814 Caspium
1065 2766 1164 2802 inter
1206 2765 1358 2801 Sallian
1397 2768 1435 2800 et
1479 2764 1688 2800 Leukoran
1725 2763 1786 2807 (C.
1811 2765 1856 2799 A.

171 2849 174 2851 Α
206 2826 267 2862 ey.
294 2843 301 2850 .

206 2893 271 2928 Ar.
299 2892 433 2938 Geoqr.
454 2892 497 2928 In
518 2892 675 2938 Europa
693 2891 841 2927 boreali
863 2893 900 2926 et
919 2890 1049 2926 medi-:i
1072 2890 1176 2925 culta
1207 2890 1243 2924 et
1265 2887 1572 2933 subspontanea.
