2062 3314
180 246 226 282 16
937 253 1138 278 POTAMEAE
1566 242 1854 292 Potamoyecon
1861 274 1870 282 .

179 329 347 372 caulem
367 327 562 369 crassitie
581 327 871 384 aequantibus
894 327 1011 379 spica
1035 327 1168 370 dense
1191 325 1441 380 cylindrica,
1465 327 1624 379 sepalis
1643 329 1877 373 rhombeo-

181 386 442 433 rotundatis,
470 386 641 428 nuculis
665 386 803 428 ovatis
827 386 1074 428 recentibus
1100 384 1364 439 compressis
1392 385 1586 438 margine
1610 386 1778 430 obtusis
1816 394 1876 437 26.

181 446 316 488 Rchb.
338 445 394 488 Ic.
420 443 567 487 Germ.
595 444 682 486 tab.
708 446 777 486 50.

225 519 330 554 Hal).
347 519 387 553 in
410 518 522 563 aquis
542 517 817 562 stagnantibus
836 516 900 551 vel
922 516 1025 552 lente
1043 515 1259 551 fluentibus
1278 516 1392 551 totias
1421 517 1579 553 ditionis
1609 527 1633 553 a
1664 518 1820 555 Graecia
1840 523 1878 556 et

179 566 294 602 Creta
309 565 357 600 ad.
374 566 527 610 Syriam
548 566 555 598 l
576 564 788 610 Egyptum,
807 564 1004 599 Persiainl
1030 563 1284 609 Affghaniam
1306 564 1439 608 (Aitch
1456 565 1498 609 ἔ).

238 633 282 687 β.
316 631 574 673 serotinum.
603 653 653 660 ——
693 631 845 672 Petioli
879 631 1081 683 elongati,
1104 630 1201 672 folia
1240 630 1470 673 submersa
1507 631 1677 683 longius
1711 634 1876 686 persis·

176 692 327 742 tentia,
362 690 552 732 natantia
605 694 831 742 augustata
870 690 964 731 basi
1007 690 1141 743 magis
1184 692 1419 732 attenuata.
1452 713 1509 719 —-
1551 690 1600 732 P.
1634 693 1879 735 serotinum

179 751 359 792 Schrad.

224 824 325 859 Hah.
345 824 385 858 in
406 823 610 858 canalibus
628 823 800 867 regionis
824 822 940 858 Delta
960 822 1162 858 orientalis
1185 822 1334 868 Egypti
1353 823 1618 870 (Schweinfl)
1639 829 1677 860 et
1699 826 1805 862 alibi.

224 891 288 926 Ar.
309 889 443 934 Geoqr.
467 889 591 923 Totus
612 889 691 923 fere
713 888 817 923 orbis
839 891 1031 923 terrarum
1051 889 1091 923 in
1110 889 1338 935 temperatis
1357 891 1394 924 et
1415 889 1663 936 subtropicis.

238 997 278 1038 2.
313 995 373 1038 P.
397 993 649 1036 fluitans
688 994 820 1047 (Roth
848 994 974 1036 Tent.
1006 993 1152 1036 Germ.
1189 995 1222 1037 I.
1262 994 1338 1048 7⁶2)
1379 996 1501 1038 caule
1542 997 1738 1048 elongato
1762 1009 1877 1052 saepe

178 1067 364 1097 ramoso.
391 1054 502 1094 soliis
530 1054 730 1095 omnibus
761 1053 882 1106 longe
919 1054 1149 1107 petiolatis‚
1186 1054 1428 1096 submersis
1466 1055 1547 1097 sub
1578 1057 1747 1098 antliesi
1777 1069 1877 1110 per-

178 1113 436 1156 sistentibus
472 1112 924 1161 oblongo-lanceolatis
962 1113 1302 1156 membranaceis
1341 1115 1585 1167 pellucidis,
1622 1116 1875 1159 natantibus

176 1173 382 1216 coriaceis
425 1171 696 1213 tenuioribus
742 1173 823 1213 late
872 1171 1328 1224 oblongo-lanceolatis
1363 1173 1454 1215 basi
1496 1175 1732 1217 attenuatis
1789 1188 1876 1218 non

177 1232 362 1285 plicatis,
417 1230 586 1283 petiolis
632 1231 946 1283 subtriquetris
999 1243 1132 1284 supra
1176 1233 1396 1279 convexis,
1450 1233 1705 1286 pedunculis
1754 1235 1876 1278 caule

176 1289 567 1337 subcrassioribus,
596 1289 713 1342 spica
749 1290 987 1343 cylindrIczi
1016 1289 1163 1341 densa,
1193 1291 1352 1344 sepalis
1380 1291 1875 1345 rbombeo-rotnudatis,

176 1349 348 1391 nuculis
369 1348 506 1390 ovatis
524 1349 786 1401 compressis
807 1350 999 1401 margine
1021 1349 1290 1392 acutiusculo
1315 1356 1348 1397 36
1363 1379 1375 1392 .
1393 1351 1528 1394 Rcllh.
1551 1351 1695 1394 Germ.
1713 1353 1875 1394 tab.49.

177 1432 231 1437 —-
260 1408 308 1449 P.
337 1410 497 1448 ‘tentans
527 1420 613 1449 var.
630 1407 821 1459 ‘fluitans
847 1407 993 1449 Cliam.

226 1482 329 1517 Hah.
351 1482 389 1517 in
411 1483 537 1527 aquis.
558 1483 721 1528 probab.
740 1483 778 1517 in
804 1483 880 1518 fere
907 1484 987 1518 totii
1022 1483 1183 1525 ditione,
1213 1485 1327 1519 (strela
1359 1495 1480 1531 prope
1514 1485 1672 1521 Khania
1703 1485 1876 1532 (Bauli),

175 1529 294 1575 Syria
314 1530 436 1573 (Bove
456 1531 497 1574 l),
520 1530 666 1564 Tauria
682 1533 716 1564 el
739 1541 846 1576 prov.
865 1531 1087 1565 Caucasieae
1106 1530 1298 1574 (Ledeb.).

226 1593 289 1628 Ar.
312 1594 445 1638 Geoqr.
469 1593 677 1628 Terrarum
697 1594 803 1629 orbis
823 1594 900 1629 fere
923 1597 1026 1629 totus
1046 1595 1086 1628 in
1107 1595 1330 1640 temperatis
1348 1598 1386 1630 et
1405 1596 1574 1642 tropicis.

235 1701 273 1740 3.
308 1698 368 1741 P.
400 1698 708 1742 rufescens
748 1699 944 1754 (Scin-ad.
972 1701 1012 1741 in
1043 1700 1139 1743 Ktli.
1183 1702 1244 1743 Fl.
1284 1700 1423 1744 Berol.
1463 1715 1505 1756 p.
1534 1701 1579 1756 5)
1616 1702 1738 1744 caule
1773 1703 1876 1746 sub-

175 1758 376 1811 simplici,
404 1758 518 1800 foliis
544 1757 786 1801 submersis
823 1759 1052 1801 sessilibus
1085 1761 1425 1802 membranaceis
1455 1761 1684 1815 pellucidis
1710 1762 1876 1805 lanceo-

174 1817 274 1859 latis
310 1817 401 1858 basi
436 1822 478 1859 et
522 1818 641 1871 apice
674 1820 910 1860 attenuatis
944 1818 1255 1861 obtusiuseulis
1296 1820 1490 1872 margine
1531 1820 1731 1873 laevibus,
1762 1821 1875 1864 foliis

172 1877 422 1918 natantibus
453 1876 625 1917 demum
667 1877 985 1920 rulescentibus
1011 1878 1217 1921 coriaceis
1245 1879 1441 1932 oblongis
1469 1879 1639 1922 obtusis
1664 1880 1708 1921 in
1735 1881 1872 1934 petio-

172 1935 263 1978 lum
291 1935 353 1976 eis
392 1936 635 1977 breviorem
677 1937 928 1986 attenuatiS,
974 1936 1218 1990 pedunculo
1247 1938 1368 1980 caule
1403 1939 1723 1988 subcrassiore‚
1757 1940 1875 1992 spica

173 1994 410 2047 cylindrica
471 1997 710 2046 compacta,
770 1996 929 2049 sepalis
992 1996 1315 2046 renitor-initias,
1375 1999 1546 2039 nuculis
1608 1998 1874 2040 lenticulari·

171 2054 435 2107 compressis
461 2053 651 2106 margine
680 2055 817 2096 acutis
853 2064 908 2105 26.
942 2055 1076 2098 Relib.
1102 2055 1155 2098 Ic.
1196 2056 1340 2098 Germ.
1365 2056 1450 2099 tab.
1483 2057 1550 2098 32.
1576 2081 1630 2087 —
1653 2057 1703 2098 P.
1731 2068 1874 2099 altna-

172 2112 311 2154 ίαίιιηι
337 2112 522 2155 Bellard.
550 2137 600 2142 -
630 2113 678 2153 P.
708 2113 920 2165 Alpinum
946 2114 1066 2156 ssalb.

221 2185 322 2220 Hal).
351 2186 392 2220 in
411 2187 534 2232 aquis,
562 2187 775 2230 All'glianiu
807 2188 936 2229 (Grili'.
957 2199 1004 2223 ex
1036 2188 1273 2234 Aitchison)‚
1302 2189 1498 2234 specimen
1532 2189 1807 2235 imperfectum
1826 2200 1874 2225 ex

171 2232 344 2278 Corcyra
361 2233 568 2277 (Letourn)
585 2236 592 2268 !
617 2235 690 2268 buc
709 2238 881 2280 spectare
901 2236 1069 2272 videtur.

224 2298 286 2332 Ar.
310 2299 445 2342 Geoqr.
469 2298 627 2344 Europa
649 2298 819 2334 borealis
838 2303 876 2335 et
890 2300 1019 2335 media
1040 2311 1061 2334 a
1083 2300 1285 2335 Britannia
1303 2300 1625 2347 et'Seandinnvia
1646 2301 1697 2336 ad
1720 2301 1874 2337 Italiam

173 2344 377 2380 borealem
401 2346 440 2379 in
459 2345 641 2391 Alpibus,
666 2346 922 2393 Montenegro
942 2351 978 2382 et
996 2348 1157 2393 Bosnia‚
1175 2348 1332 2393 Sibiriu,
1362 2348 1540 2392 America
1567 2348 1748 2383 borealis.

168 2500 191 2554 ξ
231 2501 271 2542 Ξ.
304 2501 689 2556 Homophylli
712 2503 842 2545 Kocli:
865 2504 1048 2545 —Folia
1073 2504 1214 2546 omnia
1239 2504 1464 2547 submersa
1488 2505 1721 2546 conformia
1742 2504 1872 2558 (pree-

410 2565 475 2602 ter
507 2561 672 2603 floralia
708 2564 979 2614 pedunculos
1018 2564 1246 2605 l'ulcranlia
1285 2576 1380 2616 quae
1421 2563 1704 2618 subopposita
1749 2564 1872 2620 sunt)

410 2620 592 2672 alterna,
619 2627 743 2663 ovata
770 2624 839 2665 vel
864 2623 1113 2665 lanceolata.
1140 2623 1321 2676 Stipulae
1352 2622 1512 2665 liberae.

233 2757 273 2796 4.
309 2755 368 2797 P.
396 2756 602 2800 lucens
628 2760 698 2812 (L.
730 2758 802 2812 Sp.
830 2760 933 2813 183)
961 2760 1081 2802 caule
1104 2774 1288 2809 ramosm
1307 2761 1418 2802 soliis
1444 2761 1645 2803 omnibus
1668 2761 1868 2803 submer-

172 2815 235 2857 sis
264 2816 605 2860 membranaceis
643 2819 871 2871 pellucidis
905 2820 1095 2862 brevitcr
1122 2820 1335 2874 petiolalis
1357 2834 1380 2862 a
1405 2820 1497 2861 basi
1525 2823 1705 2862 cuneata
1731 2821 1868 2862 oratis

172 2873 243 2916 vel
263 2874 514 2916 lanceolatis
535 2878 797 2920 mucronatis
814 2879 1425 2931 margineserrulam-scabris
1443 2879 1723 2921 inferioribus
1743 2880 1871 2921 alter-

171 2932 241 2974 nis
269 2934 572 2986 superioribus
611 2936 922 2989 suboppositis.
952 2938 1213 2990 pedunculis
1232 2939 1352 2980 caule
1373 2938 1661 2980 crassioribus
1678 2949 1869 2992 superne

170 2991 443 3045 incrassatis,
469 2994 587 3048 spica
616 2996 748 3038 dense
773 2997 1008 3050 cylindricai
1028 2998 1272 3050 pedunculo
1297 2997 1510 3049 breviore,
1542 2997 1702 3051 sepalis
1730 3002 1871 3039 trans·
