2089 3246
96 228 245 266 Garex.
833 234 1087 262 cvpzaaczaz
1733 233 1803 269 429

158 311 228 354 86.
251 309 309 353 C.
339 307 711 364 ampullacea
743 307 958 364 (Gooden.
984 309 1142 353 TranS.
1174 309 1298 353 Linn.
1327 310 1421 354 Soc.
1457 312 1494 362 2,
1529 313 1634 369 207)
1664 316 1802 359 rhizo-

101 373 214 414 mate
231 371 426 424 repente,
448 367 603 410 culmis
626 367 750 410 elatis
769 368 933 411 foliosis
959 367 1262 422 obtusangulis
1287 369 1484 419 laevibus,
1507 370 1619 414 foliis
1642 379 1802 421 erectis

96 429 288 473 culmum
306 425 618 482 superantibus
644 425 883 471 linearibus
909 427 1205 470 canaliculatis
1232 430 1425 483 margine
1449 430 1630 484 scabris,
1657 434 1802 487 spicu-

98 489 152 531 lis
174 486 377 530 masculis
403 486 477 527 2-ss
505 484 742 539 gracilibus
778 485 1105 541 approximatis,
1127 487 1325 530 femineis
1356 489 1430 531 2-3
1463 490 1640 533 remotis
1665 493 1803 545 cylin-

98 546 230 590 dricis
253 544 503 588 densissoris
528 544 686 586 erectis
708 544 903 587 breviter
928 544 1248 598 pedunculatis,
1277 546 1466 591 bracteis
1495 548 1682 592 soliaceis
1715 565 1800 598 non

97 604 403 659 vaginautibus
429 604 620 646 culmum
647 604 973 657 superantibus,
999 604 1160 658 glumis
1189 605 1359 659 pallidis
1383 608 1802 660 oblongo-lanceola-

97 663 153 708 tis
191 663 359 707 obtusis
391 662 534 705 fructu
571 661 849 705 brevioribus
891 666 934 705 et
969 662 1310 717 angustioribus,
1339 666 1613 720 stigmatibus
1644 668 1786 716 tribus

99 723 299 767 utriculis
323 721 448 764 tlavis
480 721 636 764 lucidis
670 721 984 774 patentissimis
1007 722 1284 776 subglobosis
1316 724 1478 769 inflatis
1511 709 1802 775 multinervjjs’

94 782 139 825 in
174 785 367 827 rostrum
407 783 537 823 tenue
572 779 754 823 bifidum
791 780 937 824 subito
970 781 1203 824 contractis
1251 784 1310 830 9t.
1345 783 1471 828 Sclik.
1508 786 1578 836 fig.
1620 786 1712 831 106,
1746 816 1803 823 -

95 841 233 885 Relib.
260 840 406 884 Germ.
434 837 502 893 fig.
533 839 642 881 659.

144 915 246 970 Hal).
281 915 323 970 i¹.³
352 925 452 962 spon
483 914 578 968 iosis
607 915 646 949 et
677 913 728 971 ad
761 915 881 961 ripas,
902 913 1202 970 Peloponnesus
1223 915 1289 962 (ex
1319 917 1449 956 Smith
1483 921 1661 970 Prodr.],
1689 925 1801 961 Ponti

93 963 226 1000 Lazlc1
241 972 346 1010 regio
358 962 460 998 suba
477 960 680 1015 pina6OOQ
700 960 840 1007 (Ball),
858 963 1045 997 Armenia
1059 961 1223 998 Tumica
1243 964 1293 1000 ad
1315 965 1447 1002 lacum
1466 968 1685 1007 Gestemert
1707 973 1799 1018 (Ky.

93 1010 215 1056 4195),
231 1010 432 1046 Caucasus
452 1008 705 1045 occidentalis
724 1008 832 1046 6600’
852 1009 913 1053 [C.
933 1011 978 1045 A.
1000 1009 1126 1056 Mey),
1154 1010 1464 1050 Transcaucasia
1482 1016 1677 1063 (Ledeb.).

140 1074 205 1127 Ar..
226 1072 360 1119 Geogr.
397 1071 899 1126 Eurppaomnisborealis
925 1074 962 1108 et
986 1073 1117 1109 media
1136 1073 1186 1109 ad
1207 1073 1445 1122 Hispaniam
1467 1082 1564 1125 sept.
1587 1083 1625 1116 et
1646 1082 1801 1119 Italiam

91 1120 269 1157 medlam
290 1130 427 1167 usque,
448 1118 594 1155 Siblria
613 1118 780 1155 Altaica.

154 1221 228 1266 87.
249 1220 306 1265 C.
329 1218 627 1265 vesicaria
664 1219 728 1273 (L.
752 1219 826 1275 Sp.
856 1219 987 1275 1388)
1012 1221 1247 1265 rhizomate
1269 1229 1464 1278 repente,
1495 1228 1651 1272 culmis
1677 1230 1800 1274 elatis

97 1280 262 1325 foliosis
295 1278 566 1333 acutangulis
603 1278 786 1332 scabris,
818 1279 931 1322 foliis
964 1280 1104 1323 culmo
1145 1282 1402 1336 aequilongis
1439 1287 1506 1328 vel
1536 1287 1801 1340 longioribus

93 1340 325 1384 latiuscule
353 1338 592 1382 linearibus
634 1338 775 1392 planis
813 1338 1008 1392 margine
1044 1339 1226 1395 scabris,
1266 1342 1446 1395 spiculis
1483 1348 1686 1391 masculis
1727 1350 1800 1391 2-3

93 1398 406 1454 approximatis
424 1397 676 1451 gracilibus,
699 1397 898 1440 femineis
921 1398 993 1440 2-3
1017 1400 1199 1442 remotis
1218 1399 1671 1457 oblongo-cylindricis
1688 1419 1802 1451 com-

93 1458 229 1513 pactis
257 1456 563 1512 superioribus
604 1456 836 1500 sessilibus
867 1457 1026 1500 erectis
1048 1458 1255 1503 inferiore
1287 1460 1482 1505 breviter
1509 1464 1801 1517 pedunculata

88 1529 206 1572 saepe
233 1517 449 1564 inclinata,
478 1515 665 1559 bracteis
690 1516 881 1559 foliaceis
904 1529 989 1559 non
1008 1517 1314 1570 vaginantibus
1340 1522 1530 1564 culmum
1551 1527 1801 1578 superanti-

92 1578 190 1629 bus,
215 1576 374 1631 glumis
403 1574 559 1629 pallide
585 1575 714 1617 fuscis
739 1579 923 1629 anguste
948 1576 1196 1619 lanceolatis
1234 1579 1372 1621 acutis
1409 1581 1550 1624 fructu
1580 1586 1800 1638 angustio·

94 1635 215 1679 ribus
242 1639 285 1679 et
315 1633 608 1686 brevioribuS,
641 1635 919 1688 stigmatibus
954 1635 1106 1683 ternis.
1142 1637 1339 1681 utriculis
1379 1644 1799 1696 erecto-patentibus

91 1694 418 1738 viridi-flavidis
441 1693 750 1736 ovato-conicis
773 1693 934 1737 inflatis
973 1695 1266 1740 multinerviis
1289 1697 1330 1739 in
1355 1701 1549 1742 rostrum
1575 1713 1797 1756 compres-

89 1767 190 1798 sum
213 1753 534 1807 bicuspidatum
563 1752 796 1796 attenuatis
826 1755 884 1800 Qt.
911 1753 966 1796 Ic.
994 1753 1122 1796 Scbk.
1153 1756 1236 1798 tab.
1267 1758 1360 1799 106.
1387 1781 1441 1786 ——
1473 1758 1607 1802 Rclib.
1645 1760 1796 1804 Germ.

94 1813 180 1856 tab.
207 1813 308 1855 276.

138 1887 240 1924 Hah.
259 1888 300 1942 in
320 1887 545 1941 spongiosis
563 1888 601 1922 et
620 1886 670 1922 ad
690 1887 808 1933 ripas,
828 1886 940 1933 prob.
960 1887 1016 1941 in·
1033 1890 1142 1934 parte
1160 1891 1259 1935 sept.
1285 1889 1457 1936 ditionis,
1477 1892 1683 1940 hucusque
1706 1897 1797 1935 tan,

90 1936 174 1972 tum
196 1935 245 1972 ad
263 1935 397 1970 llttora
417 1935 584 1981 Caspica
604 1943 713 1981 prov.
733 1934 1076 1971 Transcaucasmae
1091 1935 1267 1981 Talysch
1286 1938 1494 1975 observata
1512 1940 1572 1984 (C.
1596 1943 1638 1976 A.
1654 1941 1798 1993 Mey.)-

138 1999 202 2034 ΔΓ.
238 1999 371 2052 Geoqr.
400 1997 560 2051 Europa
579 1996 752 2033 borealis
780 2003 816 2033 et
842 1997 972 2033 medIa
1003 1998 1054 2034 ad
1078 1998 1235 2035 Italiam
1263 2003 1302 2036 et
1329 2001 1567 2048 Hispaniam
1599 2006 1797 2042 centrales

89 2055 229 2092 usque,
248 2045 395 2081 Sibiria
416 2054 556 2091 omnis,
573 2044 705 2081 Asi-ica
724 2044 906 2091 borealis,
921 2046 1103 2082 America
1118 2048 1451 2093 septentrionalis.

150 2148 217 2190 88.
246 2146 299 2190 C.
323 2149 549 2190 nutans
572 2145 702 2202 (Host
724 2145 870 2189 Gram.
897 2147 929 2200 l,
952 2146 1038 2190 tab.
1065 2148 1137 2201 83)
1168 2149 1313 2192 radice
1342 2152 1466 2207 longe
1505 2159 1684 2207 repente
1712 2160 1798 2198 sto-

91 2207 287 2258 lonifera,
311 2206 465 2249 culmis
507 2205 797 2249 mediocribus
835 2206 1072 2259 gracilibus
1100 2207 1281 2261 trigonis
1310 2210 1402 2253 basi
1433 2212 1598 2265 vaginis
1623 2214 1797 2258 fibrosis

93 2266 276 2315 vestitiS,
303 2266 415 2308 foliis
437 2265 565 2308 rectis
587 2264 825 2308 linearibus
846 2265 988 2320 planis
1004 2266 1210 2310 carinatis
1229 2270 1421 2322 margine
1444 2271 1608 2313 scabris
1632 2274 1796 2316 culmos

90 2338 207 2380 saepe
233 2324 528 2379 aequantibus,
554 2323 735 2378 spiculis
754 2325 955 2368 masculis
974 2326 1044 2366 1-2
1065 2327 1381 2380 approximatis
1405 2329 1657 2380 linearibus,
1678 2332 1797 2374 femi-

91 2386 185 2429 neis
207 2385 280 2426 3-4
313 2383 561 2438 cylindricis
588 2383 655 2425 vel
685 2384 824 2426 ovatis
859 2383 1108 2427 densissoris
1141 2387 1297 2430 erectis
1338 2388 1564 2432 sessilibus
1600 2391 1666 2431 vel
1692 2392 1795 2435 infe-

91 2444 282 2488 rioribus
306 2443 626 2497 pedunculatis,
652 2442 837 2485 bracteis
863 2443 1050 2486 foliaceis
1067 2444 1136 2485 vix
1152 2445 1365 2498 vaginatis
1384 2447 1588 2491 inferiore
1602 2450 1793 2493 culmum

93 2516 208 2558 saepe
231 2505 444 2557 aequante,
466 2502 623 2555 glumis
650 2514 674 2543 a
706 2501 795 2544 basi
828 2504 953 2544 ovata
979 2502 1102 2555 longe
1129 2503 1627 2561 lanceolato-cuspidatis
1651 2510 1794 2552 fructu

89 2561 420 2616 augustioribus
453 2562 586 2604 fuscis
611 2559 976 2615 viridi-nervosis,
1004 2562 1281 2615 stigmatibus
1308 2565 1459 2616 ternis,
1486 2566 1684 2610 utriculis
1709 2569 1793 2621 gla-

92 2622 184 2666 bris
217 2620 346 2664 fulvis
378 2621 522 2675 opacis
553 2619 743 2663 tenuiter
780 2621 1261 2665 sulcato-multistriatis
1286 2625 1594 2668 ovato-conicis
1631 2628 1792 2669 inflatis

95 2681 301 2734 utrinque
345 2680 552 2723 convexis
591 2680 633 2721 in
670 2683 863 2723 rostrum
906 2679 1038 2721 breve
1082 2680 1403 2735 bicuspidatum
1449 2687 1682 2729 attenuatis
1733 2688 1792 2732 Ql.

92 2740 229 2784 Rchb.
256 2739 402 2781 Germ.
432 2737 500 2792 fig.
526 2739 628 2781 642.
657 2761 715 2768 —
740 2737 782 2780 C.
814 2737 1171 2792 melanostachya
1204 2740 1254 2781 M.
1287 2741 1330 2782 B.
1371 2743 1413 2784 in
1439 2744 1602 2786 Willd.
1650 2745 1720 2798 Sp.
1753 2748 1792 2794 4,

92 2813 136 2855 p.
169 2800 266 2842 299.
298 2823 350 2829 -
382 2797 424 2840 C.
453 2797 707 2840 acuminata
731 2797 863 2840 Rchb.
909 2796 1058 2840 Germ.
1084 2798 1169 2841 tab.
1212 2800 1294 2842 267
1322 2814 1407 2844 non
1435 2802 1502 2843 W.
1527 2827 1582 2832 —
1601 2803 1640 2849 C,
1666 2803 1792 2846 Lede-

92 2858 241 2901 bourii
264 2857 399 2901 Boiss.
419 2861 462 2900 et
484 2857 628 2901 Buhse
652 2857 774 2899 Aufz.
799 2870 838 2912 p.
866 2857 965 2898 222.

140 2934 242 2970 Hah.
258 2934 299 2969 in
318 2933 442 2979 pratis
462 2934 500 2968 et
525 2932 723 2969 umbrosis
761 2932 949 2978 humidis,
971 2933 1174 2969 Caucasus
1192 2934 1231 2970 in
1253 2935 1398 2982 alpinis
1425 2941 1461 2973 et
1485 2938 1792 2974 Transcaucasia

92 2982 156 3028 (C.
186 2983 231 3018 A.
259 2981 399 3027 Mey.)‚
427 2990 539 3027 prov.
583 2979 798 3026 Karahagb
835 2980 1045 3025 (Bubset),
1083 2991 1196 3017 mons
1233 2982 1413 3019 Ssaliend
1449 2985 1590 3021 Persiae
1624 2987 1790 3022 borealis

1653 3049 1698 3084 28
