2089 3246
79 220 316 268 AEluropus.
825 229 1053 256 GaAminsAE
1719 222 1792 262 595

75 303 237 338 interior
264 302 315 338 ad
350 301 652 337 Alexandriam!
683 302 896 338 Kabiraml
932 302 982 338 ad
1023 311 1130 338 mare
1164 301 1345 337 Rubrum
1364 304 1382 341 l,
1410 302 1582 337 (Jasibus
1613 303 1788 346 (Winstl

73 349 210 385 Kralik
230 352 237 384 !
261 349 446 385 Ascbers!
469 351 570 391 υἱοὶ,
590 348 814 392 Babylonia
833 350 936 393 (Noe
950 352 989 394 l),
1015 349 1329 384 Transcaucasia
1349 349 1396 383 :ul
1423 350 1614 392 Caspium
1645 351 1708 393 (C.
1728 354 1779 391 A.

73 396 130 432 M!
154 397 293 441 Hohl),
313 396 446 432 Persia
465 395 838 432 boreali—orientalis
857 397 905 432 ad
923 396 1130 432 Schahrud
1152 396 1290 441 (Egel)
1311 399 1346 430 et
1378 396 1565 431 australis
1598 397 1647 432 ad
1677 399 1786 436 Abu-

72 442 156 479 chir
175 444 403 489 (liausskl)‚
422 443 637 488 Ass'gliania
660 444 821 479 inferIOr
839 444 961 488 (Griff
975 447 1012 490 l),
1033 444 1264 479 Belutscbia
1284 444 1443 488 (Stoa-lis
1463 445 1497 488 l).

122 507 275 543 Formis
296 507 546 543 intermediis
566 506 614 542 ad
634 507 804 543 formam
828 508 1003 555 typicam
1023 508 1176 543 transit.

119 573 179 608 Ar.
201 573 332 617 Geoqr.
367 571 573 618 Hispania,
603 571 733 607 Gallia
764 572 965 617 australis,
1001 572 1127 616 Italia,
1154 571 1366 614 Dalmatia,
1406 571 1550 607 ltossia
1587 575 1786 621 australis,

71 619 272 665 Songaria,
310 619 440 654 Africa
477 618 646 654 borealis
685 622 721 655 et
751 620 925 656 varietas
957 618 982 666 β
1017 620 1058 655 in
1091 619 1222 654 Afric-:t
1257 619 1421 663 borcali,
1460 619 1603 665 Nubis,
1636 622 1786 659 Arabia

73 668 233 714 tropica.

130 788 169 829 2.
205 788 284 830 AE.
326 789 721 830 mucronatus
764 786 938 842 (Forsk.
985 787 1057 841 Eg.
1105 786 1234 828 Arab.
1275 800 1313 839 p.
1353 787 1409 826 22
1453 787 1536 828 sub
1576 786 1783 844 chtucci)

68 848 291 900 perennis
327 845 572 888 stolonibus
609 847 863 898 longissime
903 846 1162 901 repentibus
1189 845 1242 887 ad
1281 847 1458 899 vaginas
1497 847 1664 898 amplas
1702 848 1785 892 late

68 904 329 949 lanceolatas
373 905 588 948 coriaccas
626 905 949 956 ramosissimis,
991 905 1126 948 ramis
1174 905 1331 946 erectis
1375 904 1584 947 brevibus
1624 907 1782 951 crebre

68 964 245 1014 foliosis,
266 964 377 1006 foliis
394 965 558 1017 glaucis
577 965 872 1007 multinerviis
897 964 1321 1018 pruinoso-birtellis
1335 964 1588 1018 patentibus
1605 965 1782 1008 lineari-

66 1024 316 1066 lanceolatis
342 1023 494 1076 rigidis
519 1023 660 1076 planis
689 1035 882 1077 superne
907 1024 1239 1067 subconvolutis
1266 1027 1307 1065 et
1334 1025 1374 1064 in
1405 1023 1634 1076 cuspidem
1663 1037 1775 1078 pun·

67 1086 237 1136 gentem
268 1083 392 1135 longe
422 1082 674 1136 attenuatis,
701 1082 913 1136 paniculae
941 1086 1173 1137 compactae
1199 1083 1539 1136 ovato-globosae
1565 1082 1782 1128 fasciculis

66 1141 309 1193 sessilibus‚
328 1141 512 1197 spiculis
539 1141 761 1184 4-6-t'loris
786 1142 942 1196 ovatis‚
966 1143 1129 1196 glumis
1163 1142 1363 1184 concavis
1388 1142 1779 1196 ovato-triangula-

66 1200 189 1243 ribus
224 1201 374 1249 acutis,
414 1200 621 1253 glumella
662 1202 848 1244 concava
889 1202 1019 1244 dorso
1065 1201 1269 1244 elevatim
1316 1201 1570 1244 multincrvi
1607 1201 1782 1248 hirsuta

64 1259 190 1312 longe
226 1260 366 1302 ciliatzi
403 1259 738 1312 ovato-oblonga
763 1271 816 1302 ex
842 1260 964 1314 apice
991 1261 1589 1313 membranaceo-marginato
1623 1261 1780 1306 obtuso

64 1318 259 1361 breviter
300 1323 343 1361 et
383 1319 569 1373 abrupte
616 1321 872 1361 mucronata
928 1321 989 1366 Qt.
1036 1319 1109 1362 AE.
1153 1321 1442 1361 mzocronatus
1484 1319 1691 1362 Ascbers.
1734 1320 1781 1364 in

66 1375 299 1420 Scbweinf.
326 1377 460 1420 Beitr.
497 1391 536 1431 p.
564 1379 663 1420 297.
687 1402 746 1409 —
767 1378 842 1421 AE.
867 1377 1153 1432 bombycinus
1180 1378 1269 1432 Fig.
1298 1381 1340 1420 et
1365 1377 1465 1421 Not.
1491 1392 1545 1422 ex
1569 1378 1780 1435 descript.

69 1460 121 1466 —
144 1436 232 1479 AEl.
255 1436 474 1479 Arabicus
498 1436 634 1480 Steud
662 1436 787 1480 Nom.
812 1450 865 1479 ex
891 1441 1028 1491 parte.

63 1511 213 1595 ffissab.
233 1513 273 1547 in
292 1511 423 1547 littore
441 1511 681 1558 AEgyptiaco
703 1513 826 1548 maris
844 1512 968 1549 Rubri
987 1513 1089 1549 inter
1109 1512 1274 1548 Kosseir
1294 1514 1332 1548 et
1355 1512 1435 1548 Ras
1455 1512 1607 1549 Benass
1630 1513 1781 1558 (Schw-

109 1622 266 1659 Surculi
284 1634 387 1671 saepe
408 1623 688 1671 pluripedales,
707 1624 882 1671 capitula
899 1625 1174 1672 magnitudine
1191 1625 1296 1660 inter
1317 1625 1453 1661 Pisum
1482 1629 1520 1661 ct
1541 1627 1780 1667 Avellanam

60 1670 201 1706 media.
224 1675 286 1707 An
312 1672 408 1707 satis
438 1682 463 1706 a
490 1671 624 1706 formis
646 1670 714 1707 ΖΕ.
735 1671 923 1709 littoralis
954 1673 1132 1718 specifice
1152 1672 1344 1708 diversa?
1369 1673 1482 1708 Folia
1501 1674 1557 1708 eis
1580 1673 1646 1710 AE.
1672 1674 1775 1712 litto-

62 1716 160 1753 ralis
178 1729 261 1754 var.
279 1718 450 1766 repentis
471 1718 652 1763 longiora
671 1720 793 1765 plana
821 1721 1221 1766 pungentia‚vaginoe
1235 1720 1435 1755 stolonum
1454 1720 1779 1764 longissimorum

62 1764 288 1811 ampliores,
309 1765 456 1812 glumae
476 1768 514 1801 et
530 1766 727 1811 gluniclla
747 1766 906 1804 inferior
921 1767 1080 1813 longius
1101 1767 1242 1803 ciliatae
1269 1768 1471 1803 breviores
1504 1768 1667 1805 latiores
1698 1770 1775 1806 ele·

61 1813 193 1848 vatius
230 1822 420 1849 nervosae.
444 1812 512 1849 AE.
533 1823 712 1859 punssens
733 1813 837 1849 Vahl
858 1814 1009 1860 Symb.‚
1029 1814 1109 1850 tal).
1130 1814 1165 1861 2,
1184 1815 1260 1849 sub
1279 1813 1446 1851 Fesctwo
1468 1829 1512 1846 Ξ
1537 1815 1604 1851 Αἰ.
1630 1816 1776 1853 Arabi-

60 1868 128 1895 cus
145 1860 277 1896 Steud.
295 1860 408 1896 Nom.
430 1870 478 1896 ex
500 1864 609 1906 parte
628 1864 667 1896 et
684 1861 893 1898 Anderson
918 1861 975 1897 Fl.
994 1862 1105 1897 Aden
1125 1862 1166 1897 in
1186 1862 1317 1897 Hook.
1338 1863 1535 1898 Jou1·n.os
1551 1864 1708 1911 Botany
1725 1874 1775 1902 ex

60 1906 207 1942 Arabia
225 1907 329 1943 felici
349 1910 408 1943 est
429 1908 541 1943 tertia
563 1908 712 1954 species
738 1908 846 1944 foliis
864 1909 1049 1945 confertis
1070 1909 1320 1945 brevissimis
1341 1909 1566 1945 convolutis
1590 1922 1771 1958 pungen-

59 1953 165 1989 tibus
185 1955 341 2000 crassis,
360 1954 468 2001 spica
487 1955 672 2001 oblonga,
690 1956 863 1992 flosculis
882 1956 1011 1993 laxius
1033 1957 1254 1992 imbricatis
1274 1957 1430 1993 villosis
1446 1959 1767 1995 lineari-lanceo-

60 1999 150 2036 latis
168 2001 322 2037 obtusis
349 2001 492 2038 obtuse
512 2003 813 2039 mucronulatis.

106 2065 170 2100 Ar.
192 2064 327 2111 Gaogr.
352 2065 497 2112 Nubia,
524 2066 672 2103 Arabia
696 2066 858 2114 tropica.

620 2238 865 2288 DAGTYLIS
901 2240 963 2301 (L.
994 2240 1091 2288 Gen.
1128 2239 1219 2301 86).

116 2387 302 2442 Spiculae
338 2388 536 2432 breviter
565 2391 834 2443 pedicellatae
871 2391 1093 2434 3-5-ssorae
1124 2392 1270 2435 rarius
1304 2393 1557 2436 9-10-florae
1584 2407 1607 2436 a
1636 2395 1774 2440 latere

57 2457 319 2501 compressae
342 2449 570 2492 confertim
600 2449 860 2493 fasciculatae
883 2451 1099 2494 fasciculis
1128 2453 1170 2494 in
1196 2451 1442 2506 particulam
1467 2453 1773 2499 unilateralem

58 2504 296 2559 dispositis.
326 2507 477 2551 Flores
501 2507 846 2562 hermaphroditi
873 2521 1110 2564 supremus
1136 2511 1379 2561 tabescens,
1401 2512 1544 2554 racliis
1571 2525 1656 2554 non
1689 2513 1770 2557 sra-

55 2564 167 2617 gilis.
191 2564 359 2609 Glnmae
383 2566 496 2609 binae
512 2567 749 2622 inaequales
765 2569 1078 2624 inaequilaterae
1104 2571 1309 2613 carinatae
1338 2571 1580 2613 unincrviae
1600 2583 1770 2616 mucro-

58 2627 167 2667 natae
202 2624 394 2668 flosculis
420 2626 662 2669 breviores.
687 2627 902 2670 Glumella
941 2629 1132 2672 carinata
1163 2630 1514 2684 quinquenervis
1553 2642 1605 2672 ex
1644 2632 1769 2685 apice

57 2680 224 2736 integro
266 2684 333 2726 vel
369 2685 636 2738 emarginato
673 2688 1147 2734 mucronato-aristam.
1182 2688 1303 2743 palea
1348 2689 1490 2731 minor
1532 2689 1772 2735 bicarinata

56 2738 186 2784 bifida
221 2741 273 2784 ad
306 2744 476 2787 carinas
513 2744 714 2787 ciliolata.
744 2746 995 2799 Squamuloe
1031 2747 1142 2789 binse
1165 2758 1359 2789 carnosae
1395 2748 1563 2791 bilobae.
1589 2749 1703 2802 Styli
1742 2751 1767 2794 2

58 2797 214 2844 breves
230 2802 495 2852 terminales,
514 2803 712 2856 stigmata
738 2805 936 2858 plumosa
960 2806 1198 2849 lateraliter
1222 2808 1501 2859 emergentia.
1531 2807 1769 2862 Caryopsis

57 2857 238 2911 oblonga
270 2862 506 2904 lateraliter
542 2863 881 2916 subeompressa
917 2865 1084 2918 trigona
1123 2869 1276 2908 ventre
1301 2867 1464 2908 sulcata
1491 2871 1534 2908 et
1560 2867 1613 2909 ad
1639 2868 1765 2913 basin

57 2920 220 2961 macula
248 2920 374 2962 bilari
399 2921 677 2974 punctiformi
705 2926 851 2965 notata
876 2921 1024 2976 glabra
1046 2925 1250 2978 gluniella
1275 2928 1317 2966 et
1340 2926 1463 2978 palca
1488 2926 1653 2969 inclusa
1683 2927 1764 2973 sed

57 2972 204 3021 libera.
238 3001 292 3009 -
315 2978 472 3022 Herbae
494 2991 724 3034 perennes.
