2062 3314
260 216 332 253 3⁷0
977 225 1184 253 CYPERAGE
1195 226 1231 252 AE
1758 217 1945 266 Cyperus.

323 304 387 343 15.
415 300 471 344 G.
506 299 708 344 tuscus
731 300 798 355 (L.
821 300 892 354 Sp.
917 301 991 356 69)
1015 313 1203 348 annuus,
1229 300 1373 344 radice
1399 300 1576 350 fibrosa.
1595 300 1748 344 culmis
1771 302 1955 347 fascicu-

262 360 360 402 latis
386 360 561 413 pumilis
584 361 739 403 erectis
767 360 834 401 vel
860 360 1029 402 diffusis
1049 358 1274 414 triquetris
1290 359 1460 402 inferne
1487 359 1664 408 foliatis‚
1683 359 1798 403 foliis
1821 362 1964 406 linea-

260 418 383 461 ribus
410 419 548 472 planis
575 418 716 461 culmo
749 418 1124 461 subbrevioribus.
1142 417 1315 460 anthela
1338 418 1406 460 vel
1436 418 1671 472 composita
1695 417 1887 463 breviter
1911 424 1961 464 et-

262 477 532 529 inaequaliter
568 478 828 519 3-7-radiata
855 478 921 519 vel
949 477 1267 530 capituliformi‚
1294 476 1507 518 involucri
1546 476 1707 531 phyllis
1742 478 1820 520 3-4
1846 479 1962 522 inae-·

261 535 463 589 qualibus
487 536 659 579 antheta
686 536 965 588 longioribus,
988 536 1166 589 spiculis
1196 535 1341 588 parvis
1365 535 1810 588 oblongo-linearibus
1836 550 1949 581 com-

263 594 577 648 presso-planis
632 594 862 637 sessilibus
906 594 959 636 ad
1010 595 1233 636 radiorum
1298 593 1463 647 apicem
1512 594 1739 647 congestis,
1787 597 1950 649 glumis

258 652 493 695 imbricatis
519 656 676 705 praeter
700 653 887 694 carinam
912 653 1125 695 virentem
1151 652 1281 695 fuscis
1310 653 1375 696 vel
1404 652 1721 695 virescentibus
1748 655 1953 708 oblongo-

260 711 398 752 ovatis
438 711 759 754 navicularibus
796 711 1106 754 obtusiusculis
1134 712 1461 763 mucronulatis,
1489 711 1663 753 rachide
1700 725 1784 755 non
1823 714 1948 757 alata.

258 770 517 812 staminibus
551 769 678 815 binis.
713 770 985 822 stigmatibus
1025 771 1175 819 ternis,
1210 771 1369 812 nucula
1408 774 1532 812 acute
1569 769 1785 824 triquetra
1824 776 1952 816 ovata

257 831 509 870 mucronata
550 829 691 870 albida
730 829 875 880 gluma
908 827 1195 871 subbreviore
1229 833 1294 879 Θ.
1322 828 1375 872 Ic.
1414 828 1472 869 Fl.
1504 829 1611 870 Dan.
1647 829 1732 871 tab.
1771 832 1868 873 179.
1895 855 1952 863 —

257 885 389 928 Rcbb.
418 885 565 929 Germ.
591 887 661 939 fig.
684 888 782 929 667.
811 910 867 918 —
890 887 949 928 Fl.
972 886 1106 928 Graec.
1135 888 1221 929 tab.
1246 889 1313 931 48.
1342 911 1391 917 —
1416 887 1456 929 C.
1483 889 1739 939 protractus
1759 888 1855 933 Del.
1876 890 1950 944 Eg.

255 945 339 986 tab.
365 946 405 998 5,
439 945 508 998 fig.
540 946 564 987 3
588 946 743 998 (torma
763 946 1044 1000 virescensl),

304 1017 408 1053 Hab.
436 1018 476 1053 in
499 1018 670 1054 humidis
688 1020 807 1054 totius
826 1019 1021 1055 ditionisa
1039 1019 1190 1055 Graecia
1208 1019 1374 1064 (Heldrt
1398 1019 1520 1065 Orph.
1544 1019 1603 1055 Fl.
1633 1019 1700 1056 Gr.
1720 1031 1799 1057 exs.
1820 1022 1946 1070 2982),

255 1067 292 1100 et
311 1065 540 1100 Macedonia
560 1066 607 1101 ad
629 1066 805 1111 Syriam!
827 1066 1026 1112 Egyptum
1052 1067 1275 1103 inferiorem
1291 1069 1311 1113 t,
1327 1067 1501 1102 Persian]
1522 1067 1737 1103 australem
1759 1071 1794 1104 et
1814 1069 1948 1106 borea-

254 1111 346 1157 lem,
367 1113 544 1157 regiones
567 1113 812 1156 Caucasieas,
829 1113 1080 1159 Affghaniam
1095 1115 1101 1148 !

303 1175 364 1209 Ar.
383 1175 515 1220 Geoqr.
539 1174 696 1220 Europa
716 1175 848 1210 media
864 1177 900 1210 ot
920 1175 1100 1211 australis
1120 1176 1170 1211 ab
1189 1175 1333 1221 Anglia
1351 1178 1390 1211 et
1416 1175 1545 1212 Dania
1569 1175 1618 1211 ad
1648 1176 1832 1215 Rossiam
1863 1189 1954 1215 mer

254 1221 376 1266 diam,
396 1221 552 1267 Sibiria,
573 1222 704 1257 Africa
730 1223 907 1258 borealis.

313 1339 379 1380 16.
412 1338 464 1381 C.
486 1338 782 1382 difformis
806 1339 873 1393 (L.
896 1340 971 1394 Sp.
998 1341 1274 1394 67)annuus‚
1297 1340 1439 1383 radice
1467 1340 1640 1389 fibrosa‚
1656 1340 1811 1384 culmis
1838 1342 1944 1385 soli-

252 1397 374 1439 tariis
400 1398 605 1450 elongatis
627 1399 852 1453 triquetris
891 1403 1011 1452 parte
1033 1399 1226 1441 inferiori
1254 1399 1423 1449 foliatis‚
1450 1400 1563 1441 foliis
1589 1401 1671 1443 late
1701 1399 1945 1444 linearibus

249 1455 407 1508 planis,
429 1457 613 1498 umbella
636 1457 819 1511 simplici
848 1460 912 1500 vel
936 1459 1172 1511 composita
1205 1458 1475 1512 inaequaliter
1509 1459 1795 1512 pluriradiata
1823 1461 1943 1503 radio

248 1515 426 1556 centrali
447 1515 855 1570 subnnllo,spiculis
879 1517 922 1558 in
944 1517 1128 1569 capitula
1149 1517 1324 1569 globosa
1346 1529 1477 1569 parva
1495 1517 1754 1559 densissime
1767 1528 1942 1572 conges-

250 1573 304 1615 tis
347 1577 528 1627 anguste
576 1574 812 1617 liiiearibns
857 1576 1118 1629 compressis
1177 1575 1467 1626 10-25-floris,
1520 1577 1735 1619 involucri
1782 1577 1942 1631 phyllis

251 1632 323 1672 3-5
363 1633 487 1674 valde
525 1632 813 1686 inaequalibus
837 1637 1012 1689 majore
1046 1635 1281 1677 umbellam
1317 1636 1442 1687 longe
1479 1639 1731 1691 superante,
1778 1636 1940 1688 glumis

250 1690 439 1732 minimis
476 1691 1045 1736 orbiculato-reniformibus
1085 1693 1412 1736 navicularibus
1451 1695 1624 1737 muticis
1666 1694 1733 1736 vel
1774 1696 1937 1738 retusis

248 1749 377 1792 dorso
393 1750 718 1793 viridi-rubellis
734 1752 1044 1794 subtrinerviis
1061 1753 1252 1805 margine
1274 1753 1748 1804 albo-membranaceis,
1763 1753 1938 1796 rachide

248 1819 330 1850 non
357 1809 481 1861 alata,
506 1810 764 1852 staminibus
789 1811 943 1862 tribus,
964 1812 1076 1865 stylo
1096 1812 1254 1859 trifido,
1279 1812 1437 1854 nucula
1461 1814 1585 1854 ovata
1613 1812 1827 1866 triquetra
1845 1813 1936 1866 api-

247 1867 384 1909 culata
419 1868 606 1921 glumam
646 1870 929 1923 subaequante
967 1875 1031 1921 O.
1073 1869 1216 1912 Rottb.
1245 1870 1398 1912 Descr.
1428 1870 1513 1914 tab.
1538 1872 1576 1921 9,
1604 1871 1674 1923 fig.
1704 1871 1744 1911 2.
1787 1894 1842 1902 —
1869 1871 1935 1914 ΕΙ.

246 1924 382 1968 Graec.
410 1926 493 1968 tab.
522 1928 589 1969 46.
615 1927 818 1971 -Reiin
839 1928 985 1970 Germ.
1008 1929 1080 1982 fig.
1107 1931 1205 1972 674.

289 2008 389 2044 Hah.
410 2010 449 2045 in
467 2010 666 2056 paludosis
684 2014 721 2046 et
736 2013 915 2057 oryzetis‚
932 2012 1226 2059 Peloponnesus
1247 2023 1367 2060 prope
1396 2013 1534 2048 Patras
1569 2012 1742 2059 (silim),
1763 2013 1935 2049 Thracia

243 2055 293 2091 ad
312 2057 607 2103 Philippopolin
632 2059 805 2104 (piculi),
826 2059 1003 2105 Egyptus
1018 2060 1177 2096 inferior
1193 2060 1318 2104 (Ehr!
1348 2060 1531 2107 Schimpl
1553 2060 1655 2096 Sieb.
1679 2060 1754 2095 sub
1779 2060 1818 2096 C.
1841 2071 1932 2107 pro-

242 2103 416 2149 tractoh,
450 2103 564 2139 Oasis
599 2105 746 2140 Dachel
776 2108 947 2151 (Aschl),
978 2107 1028 2142 ad
1058 2108 1224 2153 Syenem
1244 2107 1471 2152 (Hussonl)‚
1514 2107 1737 2152 Babylonia
1771 2107 1875 2152 (Noe
1890 2110 1932 2153 l),

241 2149 552 2187 Transcaucasia
569 2153 620 2188 ad
637 2153 844 2188 Lenkoran
863 2154 920 2198 (C.
937 2155 980 2189 A.
1000 2154 1061 2190 M!
1083 2154 1223 2200 Hohl),
1247 2155 1460 2200 Affghania
1482 2154 1603 2199 (Grni'
1616 2157 1655 2199 l).

286 2213 443 2250 Statura
461 2215 585 2251 multo
604 2216 762 2262 majore,
782 2216 941 2262 spiculis
963 2217 1182 2252 numerosis
1197 2217 1428 2252 densissime
1447 2227 1567 2262 conge
1599 2218 1642 2251 is
1657 2219 1694 2252 et
1710 2218 1929 2263 praesertim

238 2260 463 2307 glamarum
480 2263 645 2298 minutie
672 2265 708 2298 et
725 2263 851 2299 forma
871 2265 922 2299 ab
941 2264 1048 2299 affini
1074 2263 1113 2300 C.
1132 2267 1244 2310 fusco
1270 2264 1382 2299 facile
1404 2264 1723 2310 distinguendus.

285 2326 348 2361 Ar.
369 2327 501 2372 Geoqr.
525 2327 648 2374 Italia,
676 2327 888 2373 Dalmatia,
913 2329 1035 2374 India,
1069 2329 1206 2373 China,
1232 2329 1411 2376 Japonia,
1441 2329 1659 2375 Senegalia,
1680 2329 1720 2364 P.
1749 2329 1790 2364 B.
1821 2329 1932 2376 Spei,

238 2371 353 2408 Nova
376 2374 599 2410 Hollandia.

296 2491 364 2534 17.
393 2494 432 2536 G
464 2493 582 2536 Iria
606 2493 659 2549 (1.
700 2493 771 2548 Sp.
801 2494 878 2549 67)
902 2508 1087 2543 annuus,
1112 2495 1255 2537 radice
1282 2495 1458 2543 fibrosa,
1480 2495 1635 2537 culmis
1661 2493 1924 2538 fasciculatis

234 2550 461 2603 triquetris
500 2552 668 2596 inferne
702 2554 876 2604 foliosis,
911 2555 1023 2598 foliis
1062 2554 1300 2596 linearibus
1338 2554 1575 2597 flaccidulis
1617 2552 1782 2595 culmos
1821 2553 1926 2596 sub-

231 2611 518 2664 aequantibus.
545 2612 742 2654 umbellae
765 2613 1013 2666 compositae
1036 2614 1168 2655 radiis
1197 2614 1270 2655 6-8
1296 2612 1583 2667 inaequalibus
1607 2613 1726 2666 apice
1747 2612 1925 2655 fascicu-

230 2667 531 2718 lato-ramosis,
579 2671 790 2714 involucri
839 2672 996 2725 phyllis
1029 2674 1111 2714 late
1148 2672 1384 2716 linearibus
1423 2672 1699 2724 longissimis,
1742 2671 1922 2725 spiculis

231 2726 326 2768 laxe
360 2730 535 2782 spicatis
573 2730 940 2783 lineari-oblongis
976 2733 1240 2784 compressis
1273 2730 1720 2782 6-12-ssorisglumis
1760 2730 1922 2772 laxius-

228 2785 324 2827 cule
346 2787 582 2831 imbricatis
606 2789 928 2832 navicularibus
952 2790 1402 2833 orbiculari-obovatis
1434 2791 1602 2833 obtusis
1634 2791 1791 2843 praeter
1813 2789 1921 2830 cari-

225 2856 322 2885 nam
359 2847 746 2900 quinquenerviam
778 2847 820 2889 in
849 2851 1153 2892 mucronulum
1187 2854 1491 2891 excurrentem
1526 2848 1707 2892 viridem
1747 2847 1920 2890 flavidis

228 2902 362 2946 latere
400 2906 603 2953 enervus,
639 2907 812 2950 rachide
853 2920 937 2949 non
969 2910 1093 2959 alata,
1129 2908 1387 2950 staminibus
1422 2908 1577 2960 tribus,
1608 2908 1720 2962 stylo
1758 2906 1919 2958 trifido,

220 2964 382 3005 meula
408 2965 736 3018 ovato-oblonga
774 2966 987 3021 triquetra
1020 2969 1269 3009 mucronata
1307 2967 1494 3020 glumam
1532 2971 1731 3020 aequante
1776 2969 1843 3015 O.
1874 2966 1917 3007 C.
