2062 3314
226 190 299 228 508
917 196 1142 224 GRAMINEAE
1622 183 1919 231 Peptatherum.

222 269 440 316 Hispaniae,
458 268 595 311 Italiae,
614 268 754 306 Galliae
772 267 968 308 australis.
986 268 1127 304 Africae
1147 266 1320 303 borealis
1341 265 1484 304 incolae
1503 265 1611 312 quod
1636 264 1785 312 glumis
1804 266 1920 313 quin·

224 316 451 365 quenerviis
470 318 507 351 et
531 315 705 352 antheris
727 315 844 351 nudis
861 315 1041 362 specifice
1065 315 1269 350 diversum
1290 313 1457 349 videtur.

274 381 339 419 Ar.
357 380 491 424 Geoqr.
511 378 727 424 Carinthia,
748 379 906 423 Carnia„
922 379 1029 425 regio
1050 376 1298 413 Danubialis.

287 480 328 520 4.
355 477 411 520 P.
436 476 785 520 holciiorme
808 476 882 528 (M.
911 475 959 517 B.
990 476 1131 518 Taur.
1166 473 1293 516 Cauc.
1315 474 1349 519 1.
1383 487 1421 529 p.
1459 475 1529 526 54,
1557 474 1639 517 suh
1674 473 1928 529 Ayrostide)

227 537 374 581 radice
398 535 573 588 fibrosa,
602 536 757 577 culmis
779 535 904 578 elatis
927 534 1122 584 laevibus,
1142 533 1254 575 foliis
1274 533 1511 576 linearibus
1536 533 1747 587 elongatis
1771 533 1926 587 planis,

228 596 363 650 ligula
385 595 601 647 elongata,
633 595 842 648 paniculae
865 594 971 635 laxae
1008 593 1141 635 ramis
1164 592 1393 646 geminatis
1417 592 1627 645 elongatis
1650 591 1840 634 flaccidis
1859 591 1929 634 vel

218 654 420 702 cernuis,
448 653 628 706 spiculis
665 651 932 706 majusculis,
955 652 1114 705 glumis
1142 650 1482 694 membranaceis
1514 650 1605 693 basi
1633 650 1930 704 quinquener-

229 713 315 758 viis
356 713 441 754 late
476 712 725 754 lanceolatis
760 711 1017 754 acuminatis
1046 710 1232 763 pallidis,
1255 709 1457 763 glumclla
1483 713 1527 752 et
1564 709 1687 763 palea
1722 709 1933 762 adpresse

232 771 436 827 pilosulis
468 771 626 824 glumis
669 771 798 814 tertia
828 773 954 824 parte
994 769 1287 815 brevioribus,
1312 769 1431 810 illius
1456 769 1593 811 arista
1616 770 1665 810 ea
1688 768 1818 822 triplo
1842 768 1933 810 lon-

231 832 354 885 giore
381 831 548 883 glumas
569 830 805 873 excedente
833 831 893 875 Qt.
920 829 971 870 Ρ.
993 826 1253 879 holciforme
1274 826 1459 881 Spreng.
1484 827 1599 881 Syst.
1625 826 1656 876 Ι,
1682 839 1722 880 p.
1753 827 1850 868 251.
1874 849 1931 856 —-

241 888 438 932 Uraclmc
459 887 739 941 yramlaflora
766 887 888 930 Trin.
911 887 1055 929 Gram.
1082 885 1213 929 Uniss.
1243 899 1283 940 p.
1308 885 1407 939 174,
1440 886 1598 930 Ledeb.
1628 886 1684 928 Ic.
1709 885 1796 928 tab.
1827 886 1930 928 221.

234 973 288 979 —-
320 946 521 990 Uraclme
543 947 722 990 SinaI'ca
745 946 896 990 Steud.
923 945 996 987 Gr.
1024 960 1062 1000 p.
1099 946 1194 987 122.

281 1023 385 1058 Hah.
405 1023 444 1057 in
464 1023 701 1068 graminosis
720 1022 863 1068 apricis
882 1024 919 1057 et
938 1020 1187 1066 rupestribus
1209 1020 1378 1067 regionis
1397 1021 1596 1056 montanae
1627 1021 1665 1055 et
1695 1020 1934 1067 subalpinae,

237 1071 368 1116 ‘Lydia
389 1069 438 1105 ad
459 1070 693 1114 SaboundJa
713 1070 841 1105 Kaive
862 1069 963 1103 inter
982 1068 1191 1113 Smyrnam
1215 1069 1252 1103 et
1269 1068 1514 1113 Magnesiam
1541 1067 1634 1112 (Bal
1649 1069 1686 1112 l),
1722 1068 1860 1104 Cilicia
1885 1068 1935 1105 ad

234 1117 348 1153 Karli
366 1117 529 1162 Boghaz
547 1118 670 1162 (Kyl)
700 1119 737 1151 et
763 1115 893 1152 Gulek
925 1115 1078 1160 Boghaz
1099 1114 1247 1151 4-6000’
1279 1115 1369 1159 (Bal
1389 1116 1427 1160 1),
1459 1117 1611 1150 montes
1639 1115 1865 1161 Berytdagh
1899 1117 1938 1152 et

233 1164 447 1209 Ssoffdagh
468 1164 611 1199 4-7000'
634 1163 866 1209 (Haussk1),
884 1163 1072 1198 Armenia
1095 1161 1145 1196 ad
1173 1161 1513 1197 Gumuschkhane
1547 1161 1698 1208 (Boni-g
1714 1164 1751 1206 Ξ),
1787 1162 1934 1200 Tauria

236 1211 509 1247 meridionalis
541 1210 699 1254 (Stev!)‚
730 1210 859 1246 Iberia
885 1214 923 1245 et
952 1209 1096 1245 Grusia
1128 1209 1198 1248 (M.
1217 1209 1258 1244 Β.
1276 1209 1316 1244 C.
1341 1208 1469 1249 Koch)
1513 1209 1647 1244 Persia
1679 1209 1863 1245 australis
1886 1210 1936 1245 ad

235 1259 410 1304 Ispahan
432 1258 577 1303 (Bgei),
598 1261 750 1293 montes
770 1257 886 1293 Sabst
904 1256 1099 1292 Buschom
1118 1256 1210 1301 (Ky.
1231 1255 1352 1302 4131),
1369 1256 1434 1291 Pir
1455 1237 1576 1291 &mar
1598 1256 1765 1292 Gudrun
1789 1259 1827 1292 et
1842 1257 1935 1293 Kuh

236 1305 324 1341 Nur
341 1305 574 1350 (Haussk!)‚
595 1304 798 1341 Palestina
818 1306 857 1340 in
880 1303 1059 1339 Carmelo
1081 1303 1268 1349 (Boiss!),
1290 1304 1341 1338 ad
1362 1302 1683 1347 Hierosolymam
1704 1302 1810 1348 (Ball
1821 1305 1865 1350 1).

300 1370 331 1424 β
359 1369 706 1412 Blanclzeanum.
733 1394 788 1400 —
811 1368 1031 1412 Glumella
1053 1370 1096 1410 et
1119 1367 1242 1421 palea
1263 1367 1589 1420 glabrescentes
1624 1368 1782 1411 nitidae.
1808 1393 1863 1400 —
1886 1369 1935 1412 P.

242 1429 639 1475 BlamheanumE.
664 1428 799 1470 Desv.
829 1428 871 1468 in
904 1427 1043 1469 Boiss.
1074 1426 1228 1480 Diagn.
1257 1426 1349 1468 Ser.
1379 1426 1410 1477 l,
1434 1428 1474 1477 4,
1502 1440 1542 1480 p.
1577 1429 1672 1469 127.

290 1506 392 1542 Hah.
407 1506 445 1540 in
459 1503 599 1539 Libani
615 1502 788 1538 vallibus
807 1502 967 1538 Dimam
990 1504 1027 1537 et
1041 1501 1131 1537 Abu
1148 1500 1210 1537 Ali
1226 1500 1289 1547 (131
1299 1502 1327 1546 i)
1342 1511 1462 1547 prope
1479 1501 1658 1548 Felugha
1670 1502 1936 1549 (Schweinfl).

289 1575 350 1608 Ar.
373 1572 505 1614 Geoqr.
528 1569 715 1613 Bmmtus,
732 1566 1011 1603 Turkestania.

300 1683 339 1726 5.
367 1681 422 1722 P.
438 1677 852 1733 sphacelatum
874 1675 1033 1723 (Boiss
1059 1680 1099 1718 et
1126 1675 1269 1718 Buhse
1291 1676 1413 1729 Aufg.
1443 1689 1483 1730 p.
1509 1676 1592 1718 230
1617 1677 1699 1718 sub
1721 1676 1937 1732 Urachne)

234 1740 385 1785 *radice
425 1738 595 1789 librosa,
644 1737 756 1778 foliis
799 1735 1058 1778 radicalibus
1105 1735 1238 1776 dense
1283 1735 1511 1789 cespitosis
1553 1748 1574 1776 a
1624 1735 1714 1778 basi
1763 1736 1939 1780 dilatata

237 1802 420 1853 anguste
446 1796 682 1838 linearibus
704 1806 895 1849 superne
919 1793 1098 1846 scabris,
1127 1794 1258 1845 ligula
1275 1795 1463 1846 exserta,
1494 1795 1649 1837 culmis
1668 1795 1939 1839 ascendenti-

240 1859 323 1901 bus
363 1855 622 1898 brevissime
657 1854 911 1907 §ze-phyllis
946 1865 1136 1906 superne
1172 1853 1294 1906 longe
1326 1853 1473 1905 nudis,
1504 1853 1713 1906 paniculae
1748 1853 1942 1896 breviter

242 1915 526 1972 pyramidaiae
553 1913 801 1967 pauciflorae
825 1912 956 1954 ramis
978 1911 1258 1966 capillaribus
1281 1911 1445 1954 1-22-nis
1472 1912 1781 1966 pedicellisque
1800 1913 1943 1955 diver-

240 1975 445 2029 gentibus
488 1974 654 2026 spicula
694 1971 1054 2023 oblongo-lineari
1092 1970 1166 2013 vix
1198 1970 1481 2022 longioribus.
1509 1972 1668 2024 glumis
1699 1972 1941 2026 aequalibus

243 2033 493 2077 lanceolatis
530 2032 668 2074 acutis
695 2030 908 2073 7—nerviis
943 2029 1187 2071 virentibus
1224 2030 1344 2083 apice
1382 2030 1504 2082 nigro
1543 2031 1817 2084 sphacelatis‚
1842 2031 1943 2073 flos-

242 2095 339 2136 culo
385 2092 545 2146 glumis
571 2090 698 2144 paulo
722 2089 915 2142 longiore
943 2089 1154 2143 adpresse
1187 2093 1229 2131 et
1267 2100 1392 2142 parce
1422 2089 1535 2132 hirto
1573 2090 1694 2143 apice
1723 2090 1865 2132 ciliato
1898 2090 1943 2132 in

243 2153 420 2196 aristam
446 2149 820 2202 subaequiiongam
845 2148 964 2202 apice
983 2148 1177 2190 breviter
1200 2151 1417 2191 exsertam
1443 2148 1630 2191 abeunte
1667 2150 1728 2196 Qt.

247 2225 393 2317 (BH‘ialb.
414 2225 454 2316 {31
477 2223 677 2259 montibus
696 2223 840 2259 Persiae
859 2222 1001 2258 mediae
1021 2222 1071 2258 ad
1091 2232 1235 2270 pagum
1256 2222 1355 2258 Ssou
1372 2223 1471 2259 inter
1494 2223 1664 2270 Ispahan
1693 2226 1731 2260 et
1760 2223 1944 2260 Kaschan

303 2284 328 2308 u
362 2282 423 2307 se.
448 2300 454 2306 .

300 2336 505 2372 Foliorum
529 2334 761 2370 radicalium
783 2334 933 2369 lamina
949 2332 1013 2368 23
1031 2333 1195 2379 pollices
1214 2335 1369 2370 tantum
1389 2335 1517 2380 longa,
1535 2334 1658 2370 culmi
1677 2335 1756 2371 fere
1773 2335 1947 2381 pedales,

276 2383 434 2420 anicula
457 2381 755 2428 2-3-pollicaris‚
783 2380 929 2425 glumae
961 2383 1037 2415 tres
1067 2380 1194 2416 lineas
1226 2381 1366 2427 longae.
1386 2382 1421 2417 A
1445 2381 1490 2417 P.
1510 2381 1732 2419 holciformi
1763 2383 1946 2428 panicula

244 2395 356 2467 Brevi
379 2431 655 2476 depauperata,
676 2428 822 2474 glumis
846 2427 1008 2463 dimidio
1034 2428 1256 2463 minoribus
1276 2429 1385 2474 apice
1404 2429 1639 2476 sphacelatis
1657 2430 1843 2476 alienum,
1853 2440 1943 2477 pro-

245 2479 335 2526 pius
356 2478 544 2513 accedens
563 2477 611 2511 ad
632 2475 677 2511 P.
695 2474 941 2511 molz'm'oz'des
962 2475 1148 2520 panicula
1164 2475 1394 2521 spiciformi,
1415 2478 1484 2512 etc.
1503 2476 1746 2512 distinctum.

310 2590 350 2634 6.
383 2587 427 2630 Ρ
462 2584 922 2640 anqustifolium
961 2585 1137 2639 (Munro
1171 2586 1270 2632 Mss.
1307 2599 1360 2629 ex
1391 2586 1530 2631 Aitch.
1571 2585 1658 2631 Cat.
1693 2587 1801 2632 Kur.
1836 2587 1943 2632 Van.

248 2649 402 2691 Journ.
432 2645 664 2690 Liun.Soc.
688 2644 741 2692 X,
766 2644 874 2695 Vin,
897 2657 935 2697 p.
964 2643 1067 2698 106)
1092 2656 1284 2697 perenne
1302 2646 1578 2699 cespitosum,
1601 2646 1745 2688 radice
1763 2646 1944 2694 limosa,

249 2707 362 2750 foliis
399 2704 660 2747 radicalibus
708 2703 983 2745 brevissimis
1027 2703 1178 2754 rigidis
1224 2705 1467 2747 convolutis
1503 2705 1786 2756 laeviuseulis‚
1816 2705 1946 2759 ligula

249 2767 449 2818 elongata
485 2763 605 2816 apice
643 2762 944 2816 subtruncata‚
972 2763 1127 2804 culmis
1152 2763 1358 2806 tenuibus
1384 2764 1541 2806 erectis
1574 2764 1791 2816 rigidulis,
1828 2764 1949 2806 folio-

251 2837 350 2867 rum
383 2823 653 2866 caulinorum
689 2822 847 2874 vagina
872 2823 1056 2873 angusta
1083 2822 1206 2875 longa
1240 2822 1399 2865 lamina
1435 2822 1709 2875 brevissima,
1737 2822 1946 2876 paniculae

252 2882 515 2926 abbreviatae
559 2883 696 2923 ovatae
745 2881 876 2922 ramis
920 2880 1195 2934 capillaribus
1238 2881 1446 2935 elongatis
1492 2882 1659 2935 pluries
1713 2881 1946 2923 ramulosis

249 2940 519 2999 patentibus,
569 2938 792 2993 pedicellis
840 2939 1007 2993 spicula
1058 2939 1436 2991 subbrevioribus‚
1493 2942 1653 2994 glumis
1705 2940 1944 2994 purpureis
