2089 3246
117 169 358 209 Colchicum.
835 177 1122 204 COLCHICACEAE
1755 169 1824 205 167

116 254 343 298 filamento
383 253 517 296 multo
556 251 842 305 longioribus,
885 253 1014 307 stylis
1048 251 1325 295 filil'ormibus
1369 252 1576 304 exsertis,
1624 253 1823 306 stigmate

124 311 400 368 punctiformi
439 317 497 359 26.
523 312 617 354 Bot.
651 310 759 365 Mag.
779 311 866 354 tab.
895 312 1024 354 6153.

170 386 270 421 Hab.
292 386 332 421 in
352 384 563 431 Affglianizi
583 394 702 431 prope
722 385 882 431 Otipore
903 384 1080 430 (Gi-iffi),
1100 384 1139 420 in
1159 383 1387 420 Belutsch'ia
1408 383 1571 428 (Stocks
1585 386 1616 430 l)
1638 385 1676 420 in
1710 395 1822 420 mon-

118 433 225 469 iibus
245 432 375 468 Aktau
395 431 668 467 Tui-kestaniae
687 432 858 476 (Krause
884 442 931 467 ex
951 432 1103 478 Regel).

175 495 286 532 Folia
300 495 365 531 3-4
384 495 508 531 lineas
534 496 624 531 lata.
638 495 752 530 limbi
772 496 925 531 laciniae
943 495 1147 540 pollicares
1163 498 1239 530 tres
1254 494 1379 530 lineas
1390 494 1502 539 latae3
1522 497 1621 531 inter
1641 494 1820 533 Colchica

119 544 271 591 species
293 544 407 579 unica
423 542 627 588 ssavissora‚
646 543 822 578 authoris
841 543 971 588 longis
991 547 1028 579 et
1044 542 1157 588 stylis
1177 542 1340 578 exsertis
1364 543 1523 589 insuper
1541 543 1718 589 insignis.

690 677 859 731 Species
891 690 981 721 non
1002 678 1112 721 satis
1134 680 1251 720 nota.

176 808 219 852 C.
262 809 487 852 Persicum
519 809 680 862 (Baker
709 807 862 851 Journ.
907 808 1028 851 Linn.
1065 807 1156 851 Soc.
1201 809 1333 855 1879.
1380 822 1419 863 p.
1460 810 1545 852 430
1576 823 1662 853 non
1697 811 1817 854 Hort.

117 868 255 924 Belg.)
306 880 450 911 cornio
505 880 657 922 magno
699 867 876 921 globoso
908 869 1066 910 tunicis
1102 868 1333 910 atrofuscis
1361 870 1434 910 4-5
1476 870 1655 923 pollices
1682 882 1816 924 supra

105 929 271 971 -collum
292 928 514 982 productis
536 929 702 973 vestito,
724 927 836 970 foliis
842 961 907 970 .....
931 927 1263 981 hysterantliiis,
1291 927 1472 970 floribus
1494 930 1627 971 10--102
1651 933 1818 972 autum-

116 988 303 1035 nalibuS,
330 987 539 1041 perigonii
566 987 668 1029 tubo
697 987 991 1041 3·4-pollica1·i
1018 987 1182 1029 laciniis
1219 991 1413 1030 saturato
1441 989 1676 1042 purpureis
1703 988 1815 1032 haud

116 1047 350 1089 tessellatis
389 1046 904 1100 oblanceolato-oblongis
941 1046 1109 1089 obtusis
1146 1047 1219 1087 5-6
1260 1047 1393 1090 lineas
1434 1047 1543 1092 latis.
1585 1047 1815 1091 illamentis

108 1108 205 1150 sere
232 1106 522 1160 pollicaribus‚
542 1105 735 1148 antberis
759 1106 886 1148 luteis
905 1107 979 1148 5-6
1004 1106 1137 1148 lineas
1162 1106 1318 1159 longis.
1339 1107 1466 1160 stylis
1485 1107 1669 1149 stamina
1688 1119 1809 1161 supe-

115 1165 315 1208 rantibus
337 1166 455 1219 apice
480 1165 732 1217 stigmatoso
760 1165 888 1208 rectis
916 1164 1200 1219 subcapitatis
1238 1172 1295 1213 36.

161 1240 263 1276 Hah.
285 1242 322 1276 in
342 1240 484 1276 Persia:
509 1240 692 1276 australis
710 1239 858 1276 ditione
881 1240 1059 1276 Laristan
1077 1239 1153 1285 (Cl.
1175 1240 1331 1285 Loftus)
1350 1241 1438 1276 Non
1458 1241 1551 1277 vidi.

158 1304 216 1339 Ex
243 1304 276 1340 cl
305 1303 435 1339 Baker
455 1305 492 1339 in
512 1303 672 1340 cohorte
695 1303 731 1340 C.
753 1302 1000 1340 autumnalis
1021 1304 1089 1340 sed
1107 1303 1214 1339 toliis
1233 1305 1379 1350 ignotis
1394 1305 1567 1341 affinitas
1588 1305 1719 1342 dubia.

486 1457 799 1506 MERENDERA
832 1457 967 1517 (Ram.
1008 1458 1115 1506 Bull.
1156 1457 1259 1506 Phil.
1297 1458 1443 1520 1798).

173 1604 448 1658 Perigonium
497 1605 755 1647 corollinum
801 1604 906 1648 tubo
955 1604 1211 1647 destitutum
1290 1606 1577 1659 sexpartitum
1645 1606 1812 1649 laciniis

110 1664 420 1717 unguiculatis,
442 1665 599 1707 lamina
615 1664 783 1707 inferne
801 1664 1081 1706 canaliculata
1104 1664 1372 1706 lilamentum
1399 1665 1640 1718 excipiente
1659 1668 1700 1707 et
1721 1665 1811 1708 basi

111 1723 317 1772 auriculis
359 1723 515 1766 donata
563 1724 626 1766 vel
675 1724 883 1766 destituta
943 1723 1134 1766 Stamina
1179 1736 1254 1767 sex
1298 1724 1351 1765 ad
1399 1725 1658 1767 laminarum
1691 1725 1811 1767 basin

109 1783 289 1834 inserta,
317 1782 507 1825 anthera}
533 1787 743 1826 extrorsae
781 1783 847 1826 vel
874 1782 1069 1835 oblongae
1107 1783 1334 1826 versatiles
1370 1784 1437 1825 vel
1477 1783 1662 1827 lineares
1701 1784 1812 1826 hasi-

111 1842 219 1884 fixae.
246 1841 452 1884 Ovarium
479 1843 726 1885 triloculare
753 1842 906 1885 loculis
930 1842 1248 1896 pluriovulatis.
1272 1843 1482 1896 stylitres
1511 1843 1636 1886 liberi
1660 1844 1812 1886 filil'or-

108 1913 199 1943 mes
231 1901 349 1954 apice
385 1902 851 1956 capitato-stigmatosi.
884 1901 1068 1954 Capsula
1093 1901 1276 1954 oblonga
1308 1902 1573 1945 trilocularis
1608 1914 1661 1945 ex
1690 1903 1810 1956 apice

111 1961 316 2015 septicide
366 1962 580 2011 trivalvis,
632 1962 796 2003 sentina
845 1960 1019 2014 globosa
1069 1961 1258 2014 turgida.
1305 1986 1362 1991 —
1411 1961 1565 2004 Herbae
1620 1962 1811 2005 bulbosae

107 2020 281 2062 acaules
307 2020 409 2061 l'acie
436 2019 640 2071 Colclez'ci‚
669 2021 782 2063 foliis
806 2032 904 2063 cum
931 2020 1113 2063 floribus
1141 2021 1292 2074 spatha
1323 2021 1476 2064 obtusa
1503 2022 1696 2065 inclusis.

631 2168 639 2178 '
668 2165 854 2202 Antherae
875 2166 1056 2213 oblongae
1080 2167 1295 2203 versatiles.

740 2252 782 2293 4-
811 2248 976 2285 Cormus
995 2250 1161 2286 sobolife
1168 2262 1194 2285 r.

175 2350 208 2391 1.
244 2349 309 2391 M.
347 2349 669 2393 soboliiera
705 2348 769 2405 (C.
816 2350 867 2392 A.
900 2350 1011 2404 Moy.
1050 2351 1141 2394 Ind.
1185 2352 1359 2405 Petrop.
1408 2351 1439 2403 1,
1488 2353 1613 2404 1834,
1656 2365 1696 2405 p.
1738 2353 1810 2403 24)

109 2419 254 2450 cormo
273 2409 448 2452 minimo
474 2411 664 2452 tunicato
689 2409 738 2451 ad
764 2410 927 2463 apicem
947 2411 1638 2465 sobolisliorizonlaliscylindrici
1658 2412 1812 2455 crassi-

112 2469 267 2521 usculi,
309 2468 419 2510 soliis
458 2469 481 2509 3
526 2469 771 2522 synantliiis
817 2471 1146 2524 erecto-patulis
1195 2469 1490 2513 canaliculatis
1519 2471 1600 2514 sub
1643 2471 1809 2514 antlicsi

111 2526 242 2569 flores
268 2527 640 2581 subaequanliiius.
671 2527 852 2571 floribus
880 2529 950 2570 1-02
977 2529 1175 2579 lilacini&
1214 2530 1467 2573 laciniaruin
1494 2530 1714 2582 unguibus
1739 2532 1811 2572 liii-

112 2585 342 2636 foralibus,
370 2587 524 2629 lamina
555 2599 697 2640 ungue
721 2587 924 2630 breviore
964 2589 1371 2631 lanceolam-lineari
1396 2590 1549 2631 obtusa
1575 2591 1663 2631 basi
1706 2594 1811 2633 altc-

114 2649 240 2687 nnala
266 2650 306 2688 et
330 2645 536 2688 auriculis
563 2646 677 2689 binis
698 2647 836 2700 longis
855 2647 1208 2690 lineari-sctaceis
1231 2647 1437 2690 deorsum
1463 2649 1640 2691 directis
1660 2649 1810 2695 obsita.

109 2703 341 2748 filamentis
385 2705 536 2747 lacinia
580 2706 678 2758 plus
726 2705 859 2760 duplo
914 2707 1209 2758 brevioribus,
1258 2708 1452 2750 antlieris
1497 2708 1694 2757 oblongis
1747 2715 1811 2756 26.

116 2761 422 2805 Bulbocodt‘nm
456 2763 727 2806 lmstulatzcm
752 2764 869 2807 Friv.
899 2766 1022 2808 Flora
1057 2767 1177 2817 1836,
1211 2780 1250 2820 p.
1287 2768 1385 2809 4:34.
1433 2792 1477 2797 —
1515 2767 1561 2808 B.
1584 2768 1810 2821 lre'yymcm

112 2818 282 2864 Griseb.
310 2822 422 2877 Spic.
447 2822 503 2874 11,
529 2836 570 2877 p.
601 2825 684 2866 380
719 2836 805 2866 non
829 2824 910 2867 Ad.

160 2894 259 2931 Hah.
273 2896 313 2931 in
335 2897 506 2933 arenosis
534 2897 645 2933 lluvii
670 2897 1028 2934 Maritza'fliracize
1051 2899 1219 2934 borealis
1230 2899 1508 2946 propelladino
1528 2900 1638 2943 (F'riv
1655 2902 1699 2945 !).
1715 2901 1810 2936 Asia

108 2942 259 2978 minore
280 2944 420 2988 (Auch.
444 2944 587 2990 53601).
605 2945 642 2980 in
665 2945 788 2991 pratis
811 2945 934 2992 Merdj
956 2946 1114 2982 Aolidar
1133 2957 1255 2992 prope
1278 2946 1517 2982 Damascum
1540 2947 1668 2987 (flaill
1685 2950 1725 2993 l),
1762 2950 1812 2983 ad
