2062 3314
240 213 312 252 590
979 226 1204 254 GRAMINEAE
1780 221 1861 258 Mel
1864 223 1927 261 ica
1937 252 1946 261 .

303 299 372 339 10.
411 296 481 338 M.
510 298 740 352 Cupani
771 296 923 347 (Crass,
968 297 1123 341 Prodr.
1164 298 1246 342 Sic.
1285 297 1438 353 Suppl.
1477 298 1508 349 I,
1542 312 1581 353 p.
1611 300 1684 354 17)
1718 301 1956 347 rhizomate

242 359 442 411 repente,
477 358 634 400 culmis
674 357 939 400 fasciculatis
975 359 1134 401 erectis
1174 359 1325 401 stricte
1362 358 1545 410 foliosis,
1575 359 1687 401 foliis
1723 362 1864 413 planis
1889 364 1958 406 vel

244 415 455 459 involutis
485 417 724 459 linearibus
753 416 1011 459 acumiriatis
1035 417 1250 470 rigidulis,
1274 417 1406 470 ligula
1438 417 1621 470 oblonga
1649 418 1788 462 lacera
1812 421 1956 464 rarius

241 474 452 527 obsoleta,
496 476 708 530 paniculae
745 475 1006 528 spiciformis
1052 476 1302 530 cylindricae
1339 476 1520 529 aequalis
1560 477 1627 518 vel
1668 477 1955 524 subsecundae

239 535 376 577 ramis
432 534 710 577 brevissimis
744 535 986 587 adpressis,
1029 535 1212 588 spiculis
1261 535 1460 577 breviter
1493 535 1759 588 pedicellatis
1796 539 1955 581 erectis

236 593 413 636 tandem
465 593 625 648 patulis
676 593 894 635 2-4-ssoris
933 593 1115 636 flosculo
1159 594 1389 647 superiore
1426 595 1589 648 (rarius
1624 595 1757 650 binis)
1808 597 1951 639 sterili

239 652 426 706 oblongo
450 653 516 695 vel
549 652 770 694 turbinato
810 652 878 693 vel
912 652 1149 704 cylindrico
1188 652 1284 695 laevi
1316 653 1379 696 vel
1408 652 1560 695 scabro
1587 666 1761 707 semper
1788 655 1952 709 glabro,

237 712 399 766 glumis
426 712 676 754 stramineis
707 711 773 753 vel
804 711 1005 754 violaceis
1039 711 1246 754 inferiore
1279 712 1483 754 breviore
1515 715 1642 755 ovata
1668 716 1794 756 acuta
1822 726 1955 769 supe-

236 770 355 813 riore
385 771 904 819 lanceolam-acuminata,
931 771 1137 823 glumella
1162 770 1294 813 dorso
1323 784 1345 812 a
1375 771 1466 812 basi
1491 771 1543 812 ad
1568 772 1732 825 apicem
1757 773 1954 827 undique

239 829 367 883 longe
395 833 437 872 et
459 830 593 873 dense
621 830 777 871 villosa
814 831 874 876 Ql.

286 904 446 951 Species
472 905 579 940 foliis
606 907 643 940 et
664 905 822 950 vaginis
846 903 910 939 vel
930 904 1079 949 glabris
1099 904 1163 940 vel
1184 904 1342 940 villosis
1363 907 1430 940 aut
1463 905 1665 950 velumus,
1689 906 1836 951 glumis
1864 907 1954 954 plus

238 952 424 988 minusve
444 952 724 998 inaequalibus,
746 951 901 987 flosculi
931 951 1077 987 sterilis
1104 951 1232 987 torma
1262 953 1360 988 mire
1392 952 1565 987 varians.
1599 952 1869 998 Speoiminuui
1904 965 1954 990 ex

240 999 428 1036 omnibus
449 999 613 1035 ditionis
636 999 817 1045 partibus
846 1009 950 1034 nunc
982 1002 1233 1044 acceptorum
1263 1000 1374 1045 copia
1399 1002 1436 1034 et
1466 1000 1758 1046 comparatione
1793 1001 1953 1037 edoctus

238 1047 445 1083 sententiae
467 1047 513 1082 cl.
537 1049 574 1082 et
595 1048 708 1082 amic.
730 1047 882 1082 Cosson
908 1046 979 1092 qui
1006 1056 1145 1082 omnes
1178 1047 1326 1092 species
1372 1046 1473 1081 infra
1497 1048 1634 1081 citatas
1667 1059 1689 1082 a
1717 1059 1778 1083 me
1810 1049 1894 1095 ipso
1919 1052 1954 1085 et

237 1093 329 1130 aliis
354 1095 466 1141 prius
493 1092 699 1129 distinctas
721 1093 774 1128 M.
798 1092 957 1141 Cupam'
975 1094 1179 1140 conjungit
1198 1093 1382 1129 lubenter
1403 1094 1609 1139 assentior,
1628 1094 1775 1130 forinas
1805 1096 1953 1142 saepius

237 1141 380 1177 obvias
400 1141 594 1177 indicans.

651 1256 684 1290 1.
723 1255 884 1301 Is'a‘qz'nae
898 1254 1168 1303 foliorumque
1186 1254 1351 1291 lamince
1367 1254 1535 1300 ymbrae.

294 1377 339 1400 α.
367 1357 526 1410 typica.
569 1381 621 1387 —
661 1356 785 1411 Spica
826 1356 1062 1398 densiflora
1088 1355 1269 1410 aequalis
1305 1356 1378 1396 vix
1413 1354 1618 1406 secunda,
1644 1356 1791 1408 gluma
1817 1368 1948 1410 supe-

234 1415 329 1459 rior
353 1416 607 1459 inferiorem
631 1416 759 1458 tertia
779 1416 844 1458 vel
873 1416 1030 1469 quarta
1047 1418 1168 1468 parte
1186 1416 1354 1457 tantum
1376 1426 1608 1467 superaus.
1631 1438 1687 1445 -
1706 1414 1761 1457 M.
1782 1414 1951 1467 (jupani

235 1473 368 1519 Guss.
396 1475 457 1518 Fu.
486 1475 569 1518 Sic.
598 1499 653 1505 —
673 1473 729 1517 Μ.
752 1474 933 1516 humilis
958 1473 1096 1516 Boiss.
1121 1472 1227 1527 Voy.
1256 1472 1356 1526 Esp.

282 1548 384 1584 Hah.
406 1549 446 1584 in
468 1548 717 1594 rupestribus
740 1548 873 1593 Lyciae
893 1548 941 1583 ad
965 1547 1122 1583 Elmalu
1144 1546 1346 1591 (Bourgl),
1384 1547 1497 1582 Ponti
1531 1547 1716 1582 australis
1743 1547 1892 1591 (Tchih
1908 1550 1949 1592 Ι),

263 1605 357 1643 rope
393 1595 587 1641 Mai-asch,
609 1595 756 1631 Aiutab
801 1598 837 1630 et
873 1598 1007 1630 monte
1042 1593 1252 1639 Ssoffdagh
1292 1593 1419 1639 Syriae
1457 1595 1659 1630 Cataoniae
1698 1595 1950 1631 contermmae

233 1603 467 1689 fHausst
488 1643 633 1679 Libani
653 1643 703 1678 ad
723 1643 868 1678 Zachle
896 1643 1009 1686 (Post
1023 1644 1059 1687 i),
1078 1640 1205 1677 Gebel
1223 1640 1382 1676 Baruck
1401 1641 1507 1686 (Ball
1528 1644 1567 1686 l).

293 1709 338 1764 ,6.
366 1709 542 1752 viridis.
578 1735 629 1741 -
658 1710 777 1751 Folia
817 1709 1009 1752 tenuiter
1038 1708 1286 1750 convoluta.
1313 1706 1440 1761 Spica
1475 1709 1666 1750 secunda
1691 1708 1946 1751 laxiuscula.

234 1766 393 1812 Gluma
432 1769 614 1812 inferior
651 1769 723 1810 vix
757 1769 914 1822 quarta
957 1771 1079 1822 parte
1119 1767 1310 1809 brevior.
1344 1792 1398 1796 —
1435 1766 1489 1809 M.
1530 1766 1691 1809 viridis
1728 1766 1868 1810 Boiss.
1906 1771 1949 1809 et

233 1826 315 1882 Ky.
343 1829 445 1874 MSS.

278 1902 384 1938 Hah.
405 1903 446 1938 in
467 1902 693 1938 Antilibani
712 1903 842 1937 monte
862 1900 988 1936 Garhi
1006 1900 1110 1937 4500’
1132 1900 1228 1946 (Ky.
1248 1899 1372 1944 5601).

287 1987 328 2028 y.
356 1967 702 2021 inaequiylumz's.
730 1991 785 1997 —-
808 1966 947 2021 Spicae
971 1966 1224 2009 laxiuseulae
1241 1965 1545 2008 subsecundzc.
1574 1964 1729 2007 Gluma
1757 1965 1943 2008 inferior

232 2027 465 2081 superiore
499 2027 632 2081 duplo
669 2026 733 2068 vel
774 2026 906 2079 triplo
942 2025 1131 2068 brevior.
1163 2049 1217 2054 —
1256 2024 1310 2067 M.
1340 2024 1669 2077 inoeqm'ytumis
1704 2028 1747 2066 et
1770 2024 1825 2066 M.
1851 2027 1941 2066 tra-

232 2085 455 2139 chyantlca
480 2085 617 2128 Boiss.
644 2085 794 2138 Diagn.
824 2084 917 2127 Ser.
950 2083 979 2134 Ι,
1004 2085 1041 2134 7,
1068 2099 1106 2138 p.
1136 2084 1237 2126 124.
1264 2108 1317 2113 —
1342 2083 1397 2125 M.
1429 2083 1623 2125 Armena
1651 2083 1787 2125 Boiss
1810 2087 1854 2126 et
1880 2083 1946 2137 Ky

231 2143 336 2188 Mss.
362 2146 500 2188 forma
525 2145 639 2188 foliis
663 2145 804 2197 planis
829 2145 953 2196 longe
972 2143 1230 2186 acuminatis
1255 2143 1409 2196 rigidis
1428 2141 1862 2196 erecto-patentibus.

280 2217 385 2254 Hah.
411 2219 450 2254 in
476 2221 610 2254 monte
637 2218 864 2264 Berytdagh
892 2217 1093 2253 Cataoniae
1121 2216 1226 2253 9000’
1270 2215 1451 2260 (Haussk
1471 2217 1512 2260 ἱ),
1552 2216 1741 2252 Armenia
1772 2216 1946 2252 australi

235 2263 334 2312 (Ky.
357 2265 428 2302 338
443 2268 480 2311 ἔ),
503 2270 635 2301 monte
656 2267 857 2301 Avi-oman
872 2264 1141 2301 Kurdistaniae
1162 2263 1310 2300 7-8000’
1342 2263 1574 2308 (Hausskn,
1604 2264 1741 2299 Persia.
1773 2263 1945 2300 australi

230 2320 358 2360 prope
384 2313 543 2349 Schiraz
565 2316 602 2349 et
622 2314 663 2349 iu
685 2313 774 2360 alpe
796 2312 893 2348 Kuh
913 2312 1017 2347 Delu
1036 2312 1132 2358 (Ky.
1153 2310 1221 2347 35!
1243 2312 1280 2346 et
1299 2310 1421 2355 8951).

291 2379 331 2424 ὃ.
353 2378 602 2433 breviflora.
629 2404 682 2410 —-
707 2378 849 2422 Culmi
874 2382 1042 2421 tenues.
1072 2377 1198 2433 Spica
1221 2377 1411 2420 secunda
1433 2376 1641 2422 laxiflora.
1667 2376 1857 2432 Spiculae
1877 2378 1942 2420 eis

229 2439 571 2494 praecedentium
611 2439 814 2481 minores.
858 2435 1014 2480 Gluma
1047 2436 1230 2480 inferior
1265 2437 1495 2490 superiore
1529 2436 1706 2478 dimidio
1754 2436 1940 2478 brevior.

227 2497 384 2542 Forma
411 2498 609 2541 varietati
639 2496 897 2539 mim-anthoe
922 2495 978 2538 M.
1007 2495 1165 2537 citiatoe
1193 2495 1412 2550 parallela.
1442 2518 1494 2525 —
1522 2495 1575 2537 M.
1612 2494 1943 2548 Jacquemonciz·

230 2555 435 2601 Decaisn.
461 2559 502 2599 in
532 2557 636 2611 Jacq
682 2556 788 2611 Voy.
816 2555 885 2606 IV,
909 2555 994 2598 tab.
1028 2556 1128 2598 175.

277 2632 379 2669 Hab.
407 2633 447 2668 in
480 2632 682 2668 montibus
715 2631 887 2674 Schahu,
931 2629 1161 2674 Dalechani‚
1194 2628 1324 2665 Kellal
1352 2631 1389 2664 et
1426 2628 1518 2664 Kuh
1550 2628 1633 2664 Nur
1673 2628 1943 2664 Kurdistaniae

230 2677 398 2716 Persicae
418 2682 455 2715 et
474 2679 618 2716 Persiae
639 2678 827 2714 australis
845 2677 1015 2714 9-10000'
1036 2675 1218 2721 (Haussk
1232 2678 1269 2721 1),
1286 2678 1420 2711 monte
1442 2675 1536 2710 Kuh
1551 2676 1690 2711 Dae'na
1710 2676 1804 2721 (Ky.
1822 2676 1942 2721 7540,

230 2727 434 2763 montibus
454 2737 578 2773 supra
594 2726 699 2762 Yezd
716 2726 868 2771 (Buhse
885 2725 995 2760 Verz.
1009 2724 1086 2759 sub
1111 2723 1166 2759 Μ.
1183 2722 1495 2770 z'nceqm'ylumil)
1516 2722 1623 2758 valle
1660 2723 1836 2758 Kurrum
1861 2723 1942 2758 Aff-

231 2773 390 2820 ghaniae
411 2774 545 2818 (Aitch
563 2775 600 2818 i).

527 2891 560 2926 2.
587 2890 702 2926 Folia
725 2889 800 2935 (vel
819 2889 976 2936 va‘qinae
996 2889 1174 2933 tantum)
1193 2887 1322 2935 pilosa
1343 2887 1402 2924 vel
1422 2891 1651 2924 tomentosa.

295 3005 326 3031 ε.
360 2986 675 3030 ΗοΙιεηασΙιτενί.
707 3011 762 3016 —-
784 2985 921 3040 Spicae
946 2986 1052 3029 laxae
1077 2984 1294 3028 secundae.
1325 2982 1492 3027 Glumae
1513 2996 1666 3038 parum
1687 2984 1935 3038 inaequales.
