2089 3246
180 230 352 269 Alisma.
924 237 1160 264 ALlsmacm:
1865 231 1890 266 9

612 411 764 459 om).
802 410 995 458 CXXI.
1035 410 1483 458 ALlSMACEAE..

510 543 575 599 (L.
604 543 645 586 C.
671 542 793 585 Rich.
822 543 863 586 in
888 543 1002 586 Ann.
1027 543 1133 586 Mus.
1164 544 1258 586 Par.
1284 544 1331 595 1.‚
1362 556 1402 597 p.
1433 544 1553 599 365).

243 670 395 713 Flores
427 668 771 723 hermaphroditi
796 669 939 711 rarius
960 668 1155 713 monoici.
1181 669 1422 721 regulares.
1446 669 1727 716 Per-igoninm
1749 672 1885 715 hexa-

185 731 381 785 phyllum
406 729 567 784 phyllis
588 728 783 770 externis
811 728 1031 781 calycinis,
1054 728 1237 769 internis
1266 728 1501 769 corollinis.
1533 728 1723 771 Stamina
1749 732 1887 784 hypo-

183 801 297 844 gyna
332 800 408 830 sex
447 788 514 829 vel
559 787 798 840 indefinita,
822 787 1014 829 antherae
1049 786 1308 828 biloculares
1343 787 1712 839 longitndinalitcr
1738 790 1885 831 doliis-

182 852 342 892 centes.
367 845 523 889 Ovaria
546 846 768 888 indefinita
797 846 938 888 rarius
960 847 1049 897 6-8,
1078 845 1247 898 singula
1276 847 1388 899 stylo
1424 847 1667 891 terminata.
1699 850 1889 891 verticil-

184 909 267 949 lata
299 906 368 948 vel
395 907 579 959 capitata
611 905 904 948 uuilocularia
932 905 1198 956 uniovulata,
1220 905 1363 946 rarius
1394 904 1626 952 biovulala.
1655 908 1884 950 rarissime

182 965 490 1021 pluriovulata.
534 964 672 1006 Ovula
705 965 1049 1017 campylotropa„
1081 965 1115 1005 si
1158 964 1332 1005 unicum
1378 964 1562 1005 basilare
1598 970 1808 1016 erectum,
1851 968 1886 1008 si

184 1026 283 1067 bina
322 1026 510 1066 alterum
534 1035 587 1066 ex
618 1025 773 1066 sutura
798 1023 983 1066 ventrali
1019 1023 1301 1064 horizontale.
1329 1022 1526 1076 Carpella
1554 1024 1886 1068 imleliiscentia.

184 1084 342 1127 Semen
374 1082 768 1125 exalbuminosum.
796 1081 988 1136 Embryo
1020 1082 1266 1124 uncinatuS.

644 1228 830 1277 Atlsm
866 1227 928 1290 (L.
956 1228 1051 1276 Gen.
1079 1226 1165 1275 460
1192 1241 1237 1275 ex
1270 1227 1428 1289 parte).

234 1362 386 1404 Flores
407 1360 766 1414 hermaphroditi.
794 1358 950 1413 Sepala
975 1360 1056 1401 tria
1083 1359 1293 1401 herbacea
1317 1359 1608 1413 persistentia.
1634 1359 1777 1401 Petala
1800 1361 1883 1401 tria

178 1422 323 1475 calyce
347 1421 510 1474 maj0ra
537 1420 718 1463 decidua
749 1419 1019 1462 aestivatione
1050 1419 1256 1461 involuta.
1283 1418 1475 1460 Stamina
1501 1419 1564 1473 (in
1592 1420 1759 1469 nostra)
1789 1432 1880 1466 sex,

177 1482 372 1523 antherae
396 1480 449 1522 ad
477 1479 596 1521 dorsi
616 1479 738 1522 basin
754 1479 905 1521 affixae.
928 1478 1087 1520 Ovaria
1104 1490 1336 1520 numerosa
1352 1478 1883 1531 receptaculodiscisormi

176 1539 424 1587 insidentia,
449 1539 490 1580 in
534 1538 682 1580 orbem
721 1539 947 1591 disposita,
988 1537 1241 1579 uniovulata
1278 1538 1409 1580 ovulo
1443 1542 1601 1587 erecto,
1642 1538 1882 1590 micropyle

178 1601 394 1648 extrorsa‚
445 1597 587 1651 stylus
637 1598 845 1647 laterali-5,
893 1597 1047 1648 stigma
1095 1597 1354 1639 obsoletum.
1398 1595 1597 1650 Carpella
1630 1608 1884 1649 compressa

176 1659 367 1701 coriacea
393 1669 710 1712 monosperma.
734 1656 890 1700 Semen
916 1659 1124 1700 erectum.
1148 1655 1339 1710 Embryo
1366 1657 1613 1698 uncinatus.
1653 1678 1706 1684 —-
1738 1656 1883 1697 Herba

179 1717 388 1771 aquatica.

241 1829 280 1870 1.
306 1827 376 1870 A.
410 1826 704 1881 Plantaqo
735 1826 798 1881 (L.
820 1826 894 1880 Sp.
917 1825 1023 1881 486)
1044 1825 1155 1867 foliis
1182 1826 1306 1878 longe
1332 1825 1548 1878 petiolatis
1575 1825 1714 1868 acutis
1738 1825 1884 1866 ovatis

178 1887 247 1929 vel
285 1887 474 1929 cordatis
517 1887 585 1928 vel
626 1886 892 1938 lanceolatis,
930 1886 1114 1928 floribus
1141 1885 1378 1938 composite
1421 1889 1464 1927 et
1503 1885 1796 1928 verticillatim
1842 1884 1885 1925 in

177 1946 422 1995 paniculam
454 1946 770 2000 pyramidatam
806 1957 985 1999 scapum
1015 1944 1322 1986 terminantem
1371 1944 1608 1996 dispositis,
1654 1943 1884 1997 pediccllis

177 2005 400 2058 elongatis,
428 2005 613 2047 bracteis
639 2004 834 2048 breviter
865 2004 1128 2053 lanceolatis,
1164 2004 1319 2057 petalis
1353 2003 1461 2045 albis
1490 2004 1757 2046 orbiculatis.
1785 2014 1882 2044 car·

176 2064 303 2117 pellis
342 2064 605 2118 compressis
640 2063 838 2106 obovatis
865 2063 1036 2106 obtusis
1073 2063 1201 2105 dorso
1239 2063 1416 2105 sulcatis
1444 2063 1484 2103 in
1513 2064 1699 2105 fructum
1730 2065 1885 2103 centro

173 2123 562 2166 infundibulariter
600 2127 854 2166 excavatum
900 2123 1117 2175 congestis
1171 2127 1230 2168 24.
1275 2121 1317 2163 Ic
1358 2121 1470 2163 Nees
1512 2120 1619 2163 Gen.
1651 2121 1799 2163 Germ.
1827 2143 1879 2152 --

173 2180 310 2224 Rclib.
333 2182 481 2225 Germ.
509 2183 594 2225 tab.
620 2183 692 2224 57.
718 2182 756 2224 A
777 2181 1067 2224 lanceolatunz
1088 2181 1222 2224 With.
1255 2181 1392 2224 forma
1417 2180 1529 2222 foliis
1554 2182 1767 2233 angustis

220 2256 314 2292 Hab
342 2258 383 2292 in
398 2256 602 2302 paludosis
620 2258 658 2291 et
676 2256 727 2291 ad
746 2266 869 2302 aquas
889 2256 1010 2290 totius
1032 2254 1192 2289 ditionis
1213 2264 1237 2289 a
1254 2254 1407 2289 Graecia
1428 2254 1477 2289 ad
1502 2254 1722 2300 Egyptum!
1745 2254 1874 2289 Meso-

172 2304 408 2350 potamiam!
432 2304 605 2340 Persiam
627 2303 861 2339 australem!
881 2312 1047 2349 regnum
1065 2301 1305 2337 Cabulicum
1328 2302 1498 2346 (Grilt'l).

232 2370 262 2424 β
291 2369 561 2412 decumbens,
587 2394 644 2401 -—-
677 2370 795 2413 Folia
831 2373 1030 2421 angusta,
1054 2380 1212 2423 scapus
1252 2368 1401 2412 brevis
1440 2368 1705 2411 decumbens
1736 2368 1881 2421 panci-

174 2431 328 2473 ssorus.
352 2454 409 2459 —
451 2430 505 2471 A.
537 2441 693 2482 repens
728 2429 916 2482 Schimp.
956 2429 1017 2470 Pl.
1048 2428 1120 2481 Eg.
1146 2440 1237 2470 exs.
1264 2435 1309 2470 n0
1342 2429 1412 2482 34,
1441 2428 1548 2482 (non
1578 2426 1733 2470 Cavan.
1759 2428 1881 2482 quod

172 2488 278 2531 Ech-
306 2489 646 2531 ramma-alaidis
666 2490 845 2532 formam
871 2487 1021 2542 sistit).

219 2562 320 2599 Hab.
348 2562 390 2598 in
410 2562 564 2610 Egypto
585 2562 770 2598 inferiore
796 2570 917 2609 prope
943 2559 1151 2596 Abuzabel
1171 2560 1354 2607 (Schimp
1375 2563 1415 2606 l).

220 2628 285 2662 Ar.
308 2627 441 2672 Geoqr.
462 2627 620 2673 Europa
645 2626 784 2672 omnis,
803 2625 946 2661 Sibiria
966 2627 1056 2665 tota,
1081 2623 1196 2660 India
1225 2623 1410 2668 borealis,
1436 2623 1666 2670 Abyssinia‚
1700 2624 1882 2659 America

174 2672 355 2720 borealis,
371 2674 583 2711 Australia.

238 2803 599 2852 EculNonoltUS
625 2802 684 2866 (L.
714 2802 827 2851 Rich.
857 2802 974 2852 Diem.
1002 2802 1105 2851 nus.
1143 2800 1251 2849 nist.
1280 2801 1373 2849 Nat.
1406 2799 1522 2849 l8¹l5
1553 2800 1584 2848 Ι.
1613 2815 1650 2862 p.
1680 2799 1800 2860 365).

230 2928 382 2972 Flores
405 2928 760 2982 hermaphroditi.
788 2927 945 2982 Sepala
965 2927 1045 2970 tria
1071 2925 1281 2969 herbacea
1306 2925 1603 2980 persistentia.
1621 2924 1769 2967 Petala
1795 2923 1878 2965 tria

170 2988 316 3042 calyce
358 2989 521 3043 majora
564 2987 746 3030 decidua
785 2988 1057 3030 aestivatione
1088 2986 1330 3028 imbricata.
1370 2984 1563 3027 Stamina
1595 2985 1660 3034 (in
1707 2982 1883 3036 nostra)
