2062 3314
243 220 317 257 486
991 229 1215 257 GRAMINEAE
1676 221 1939 269 Alopecurus.

286 302 388 338 Hab.
411 301 451 337 in
473 302 589 338 Creta
617 300 739 346 (Sieb.
777 311 856 337 exs.
886 301 962 338 sub
996 302 1046 338 A.
1083 302 1262 350 agresti),
1294 303 1336 338 in
1376 302 1552 338 humidis
1583 302 1767 350 planitiei
1803 304 1946 342 Omalo

241 350 435 385 montium
457 348 601 384 Lassiti
630 348 734 385 4000'
758 348 943 394 (Heldrl),
977 349 1018 385 in
1049 351 1173 396 pratis
1201 349 1412 397 uliginosis
1444 349 1582 396 Lydiae
1609 349 1661 386 ad
1688 350 1752 387 Ak
1787 351 1947 399 Boghas

242 406 367 443 prope
389 395 570 432 Miletum
593 396 730 441 (Ball).

289 460 554 507 Semipedalis
577 459 645 495 vel
668 459 834 506 pedalis.
853 459 916 495 Ab
934 461 983 496 A.
1007 461 1158 506 ayresti
1175 471 1346 507 quocum
1366 471 1390 497 a
1406 461 1453 497 ol.
1472 460 1678 497 Parlatore
1697 463 1950 509 conjungitur

238 508 396 553 vaginis
416 508 541 554 magis
567 507 750 542 dilatatis.
783 507 964 553 panicula
990 507 1229 548 abbreviata,
1259 508 1405 554 glumis
1436 507 1554 544 altius
1582 509 1683 544 inter
1719 519 1760 545 se
1787 510 1942 546 coalitis

240 555 367 591 ovatis
392 555 467 590 late
489 554 605 590 alatis
639 564 708 590 nec
734 553 967 590 lanceolatis
988 554 1165 591 obsolete
1185 555 1312 599 alatis,
1332 554 1529 602 glumella
1561 557 1741 593 truncata
1768 566 1838 593 nec
1859 557 1945 593 lan-

242 602 391 638 ceolata
412 601 754 637 distinctissimus.

305 722 344 763 3.
373 722 436 764 A.
475 720 841 765 utriculatus
873 718 938 775 (L.
964 719 1035 773 Sp.
1072 721 1128 762 80
1163 720 1246 762 sub
1280 718 1539 776 Phalaride)
1584 732 1774 772 annuus,
1800 721 1945 764 radice

244 781 421 830 fibrosa,
443 780 596 822 culmis
625 780 855 833 cespitosis
878 779 1036 821 erectis
1077 779 1146 822 vel
1187 779 1540 832 ascendentibus,
1563 778 1676 822 soliis
1703 780 1943 824 lInearibus

240 839 416 893 glabris,
431 839 599 892 vaginis
617 838 898 881 inferioribus
913 837 1161 891 cylindricis
1177 837 1481 892 superioribus
1498 838 1938 892 utriculoso-inflatis‚

244 898 446 953 panicula
472 897 733 951 spicaeformi
767 899 898 940 ovata
924 897 990 939 vel
1031 897 1214 949 oblonga
1246 897 1380 939 ramis
1418 898 1486 938 1-2
1528 896 1766 950 spiculatis,
1788 898 1948 951 glumis

245 957 536 1000 subcoriaceis
563 956 688 998 valde
711 955 980 1010 compressis
1004 955 1094 998 fere
1118 957 1171 999 ad
1194 955 1385 998 medium
1408 956 1605 998 connatis
1632 960 1675 998 et
1709 956 1949 1000 lateraliter

248 1014 660 1069 ventricoso-gibbis
710 1027 844 1068 supra
875 1014 1069 1057 medium
1113 1014 1301 1069 abrupte
1340 1014 1684 1067 triangularibus
1723 1016 1860 1059 acutis
1895 1015 1948 1058 ad

242 1075 431 1117 carinam
461 1074 616 1117 ciliatis
641 1078 844 1116 caeteruin
882 1073 1059 1127 glabris,
1086 1073 1293 1127 glumella
1332 1073 1493 1126 glumis
1527 1073 1809 1128 sublongiore
1845 1075 1947 1118 sub-

244 1133 420 1187 oblique
443 1135 569 1176 acuta
595 1144 730 1186 prope
753 1133 875 1174 basin
904 1132 1085 1175 aristata
1103 1133 1238 1175 arista
1254 1132 1413 1185 glumis
1437 1131 1568 1186 duplo
1593 1131 1802 1186 longiore,
1824 1133 1948 1187 palea

250 1193 372 1235 nulla
415 1197 480 1242 Θ.
518 1192 566 1234 A.
585 1190 855 1233 utriculatus
889 1190 1011 1233 Pers.
1037 1190 1143 1245 Syn.
1166 1191 1198 1242 1,
1230 1204 1270 1244 p.
1296 1192 1364 1233 80.
1390 1215 1444 1220 -
1476 1191 1538 1234 Fl.
1573 1190 1714 1234 Graec.
1754 1191 1841 1234 tab.
1877 1192 1946 1235 63.

249 1276 301 1281 —
329 1251 449 1293 Trin.
475 1250 623 1293 Gram.
642 1249 725 1293 tab.
755 1251 824 1292 46.
846 1275 900 1280 -
929 1250 1149 1292 Tozzettia
1174 1249 1418 1292 utriculata
1445 1249 1560 1292 Savi.

298 1325 401 1361 Hah.
422 1326 463 1361 in
484 1325 674 1372 herbidis,
702 1325 854 1361 Graecia
888 1325 1062 1369 (Sibth.),
1092 1325 1387 1371 Peloponnesus
1412 1326 1454 1361 in
1482 1325 1680 1361 Messenia
1714 1327 1752 1361 et
1783 1327 1949 1364 Arcadia

246 1372 444 1418 (Heldrl),
475 1373 645 1408 Thracia
672 1374 710 1407 et
737 1372 975 1418 Byzantium
1012 1373 1146 1416 (Frivl
1174 1373 1319 1416 Postl),
1352 1383 1470 1419 props
1501 1373 1662 1418 Trojzim
1696 1373 1898 1417 (Schmidt
1911 1377 1950 1420 l),

247 1420 438 1455 Anatolia
459 1420 632 1455 borealis
649 1420 699 1454 ad
719 1419 891 1455 Samsun
910 1419 1057 1464 (Tchih
1073 1420 1110 1464 l).
1138 1419 1268 1455 Locus
1291 1420 1476 1462 Syriacus
1503 1421 1694 1466 (Aleppo)
1720 1420 1863 1457 citatus
1896 1421 1947 1457 ad

247 1466 298 1502 A.
322 1466 705 1503 anthoxanthoidem
725 1469 889 1512 spectat.

293 1531 357 1565 Ar.
378 1530 511 1576 Geoqr.
535 1529 691 1575 Anglia,
713 1529 926 1565 Germania
946 1528 1202 1565 occidentalis
1222 1531 1260 1565 et
1285 1529 1485 1575 australis,
1513 1529 1647 1566 Gallia
1672 1531 1880 1567 orientalis
1912 1533 1951 1568 et

249 1577 446 1623 australis,
468 1576 594 1620 Italia,
617 1577 765 1618 Sicilia,
793 1576 1006 1623 Dalmatia,
1030 1576 1236 1623 Hispania,
1260 1577 1392 1613 Africa
1412 1576 1593 1614 borealis.

308 1698 347 1738 [ι.
390 1696 439 1739 Α
475 1693 1024 1739 anthoxanthoides
1060 1695 1228 1750 (Boiss.
1279 1696 1432 1749 Diagn.
1472 1695 1571 1740 Ser.
1600 1696 1775 1748 1‚X111,
1802 1710 1845 1751 p.
1872 1696 1948 1752 42>

246 1762 421 1798 annuus
445 1755 690 1808 cespitosns
709 1755 873 1807 glaber,
896 1754 1041 1797 radice
1067 1755 1243 1805 fibrosa,
1271 1755 1468 1799 caulibus
1500 1756 1659 1799 erectis
1695 1757 1760 1799 vel
1801 1767 1951 1799 ascen-

248 1814 468 1864 dentibus,
510 1813 676 1867 vaginis
722 1813 1005 1856 inferioribus
1051 1814 1302 1868 cylindricis
1345 1815 1576 1869 superiore
1621 1814 1788 1866 inflata,
1819 1815 1950 1869 ligula

245 1875 447 1916 truncata
476 1872 952 1923 tubuloso-convoluta,
975 1873 1173 1926 panicula
1197 1873 1432 1928 spiciformi
1452 1873 1786 1928 ovato-oblonga
1815 1873 1950 1916 ramis

247 1933 327 1975 3-4
350 1932 539 1986 spiculas
576 1931 850 1984 gerentibus,
883 1932 1043 1984 glumis
1081 1931 1134 1974 ad
1168 1933 1341 1975 tertiam
1373 1937 1541 1988 partem
1580 1944 1723 1987 usque
1752 1933 1951 1976 connatis

245 1991 497 2034 lanceolatis
533 1990 670 2033 acutis
701 1991 792 2034 basi
831 1993 873 2034 et
905 1990 1051 2033 carina
1094 1990 1277 2044 hispidis
1319 1992 1448 2035 dorso
1490 1995 1672 2045 anguste
1717 1992 1841 2035 alatis
1880 1991 1947 2034 vel

247 2050 426 2104 apteris,
448 2049 652 2103 glumella
675 2050 843 2103 glumas
866 2053 1066 2103 aequante
1096 2050 1335 2094 lanceolata
1368 2052 1493 2094 acuta
1531 2051 1681 2104 glabra
1712 2050 1808 2093 basi
1844 2050 1953 2094 aris-

247 2110 350 2160 tata,
376 2109 511 2151 arista
533 2108 776 2161 geniculata
799 2109 957 2162 glumis
981 2108 1198 2163 subtriplo
1225 2109 1434 2163 longiore,
1455 2110 1576 2164 palea
1602 2110 1722 2153 nulla
1760 2113 1831 2160 O.

296 2180 398 2217 Hah.
412 2181 452 2216 in
468 2180 655 2225 arenosis,
665 2180 835 2216 collibus
843 2181 1092 2226 graminosis,
1104 2181 1237 2219 Rhodi
1252 2183 1292 2218 in
1303 2182 1608 2227 montecomoly
1624 2183 1774 2229 (Bourg
1784 2184 1822 2227 !)‚
1832 2178 1954 2228 Cypr¹

250 2229 383 2275 (Kylj,
405 2228 547 2264 Cilicia
582 2227 749 2263 littorali
786 2227 887 2271 (Bal.
905 2228 1031 2273 7450,
1057 2228 1168 2275 Syria
1197 2229 1362 2265 littorali
1388 2230 1439 2266 ad
1464 2230 1615 2266 radices
1646 2231 1793 2265 montis
1826 2228 1955 2266 Cassii

249 2276 434 2320 (Boisst),
470 2275 571 2310 circa
606 2275 837 2321 Berythum,
868 2274 1070 2321 Sidonem,
1097 2276 1276 2323 Tripolin
1306 2277 1429 2321 (Ehrl
1472 2276 1599 2312 Gailll
1633 2276 1703 2312 Bll
1741 2276 1952 2321 Barbeyl),

247 2322 402 2358 Libano
441 2321 491 2357 ad
532 2323 662 2357 lacum
696 2321 851 2358 Limoni
888 2332 1008 2368 supra
1041 2322 1216 2359 Balbeck
1248 2323 1353 2360 4500·
1389 2323 1471 2369 (Ky
1503 2323 1574 2359 376
1590 2325 1630 2368 !)‚
1681 2333 1801 2370 supra
1832 2322 1951 2358 Aleih

249 2369 516 2414 (Schweinfl),
536 2368 767 2404 Antilibano
789 2368 1051 2414 )Schlnmb1),
1073 2370 1363 2417 Hierosolymae
1389 2370 1565 2416 (Rothi),
1591 2371 1694 2407 circa
1724 2370 1879 2417 Aleppo
1914 2372 1954 2406 et

249 2417 291 2452 in
312 2416 465 2452 deserto
487 2416 788 2462 Mesopotamiae
810 2416 1036 2461 (Hausskl).

296 2479 559 2527 Semipedalis
578 2480 643 2516 vel
663 2480 828 2526 pedalis,
845 2480 1007 2526 spiculae
1026 2491 1181 2527 magnae
1196 2481 1220 2519 3
1240 2482 1364 2518 lineas
1382 2485 1419 2518 et
1440 2481 1613 2529 amplius
1634 2481 1776 2528 longae.
1794 2481 1953 2529 Species

249 2527 421 2574 insignis
437 2528 554 2574 juxta
575 2527 624 2563 A.
646 2527 907 2564 utrz'eulatum
925 2527 1168 2564 collocanda.

961 2683 971 2695 '
999 2683 1009 2694 ¹
1036 2682 1244 2718 Perennes.

311 2801 350 2845 5.
377 2801 426 2843 A
451 2799 828 2856 geniculatus
867 2799 932 2855 (L.
957 2799 1031 2854 Sp.
1061 2800 1137 2855 89)
1177 2814 1368 2851 annuus,
1398 2800 1543 2844 radice
1581 2800 1757 2851 fibrosa,
1795 2799 1952 2844 culmis

249 2859 508 2914 geniculatis
542 2858 878 2903 ascendentibus
913 2860 1004 2902 basi
1049 2871 1164 2914 saepe
1205 2857 1514 2912 radicantibus,
1556 2859 1666 2903 foliis
1713 2859 1952 2902 linearibus

251 2919 396 2973 planis
419 2919 688 2965 acuminatis.
715 2919 882 2972 vaginis
906 2919 1071 2971 glabris
1101 2920 1407 2973 superioribus
1443 2918 1725 2969 subtuniidis,
1754 2918 1950 2972 panicula

249 2977 494 3031 spiciformi
525 2977 762 3032 cylindrica
792 2978 988 3031 elongata
1011 2978 1145 3020 ramis
1178 2977 1537 3034 plurispiculatis,
1561 2977 1720 3032 glumis
1751 2977 1823 3020 vix
1856 2976 1950 3020 basi
