2089 3246
53 205 220 244 Allium.
808 212 1009 239 nmmum:
1703 208 1769 244 241

58 289 182 334 laevis
201 285 519 341 atropurpurei
542 290 728 340 anguste
754 286 1045 340 campanulati
1071 286 1233 341 phyllis
1259 286 1457 340 oblongis
1491 289 1771 332 obtusiuscu-

62 350 131 403 lis,
158 345 393 390 filamentis
427 345 619 388 dilatatis
656 345 748 388 basi
785 346 992 388 ciliatulis
1029 346 1225 388 externis
1263 347 1538 399 simplicibus
1583 348 1768 392 internis

59 406 360 460 tricuspidatis
409 403 589 458 cuspide
634 405 897 448 antberisera
946 404 1200 447 lateralibus
1239 406 1428 448 exsertis
1477 406 1768 451 subbreviore

62 468 131 510 vel
161 465 403 520 aequilonga
448 468 506 511 26.
536 464 589 504 A.
621 463 975 516 ampelopraaum
997 477 1088 506 var.
1121 463 1463 506 acroviolacemn
1494 465 1624 520 Regel
1655 467 1769 509 Mon.

66 539 108 581 p.
132 526 202 568 54.

109 599 212 634 Hah.
230 598 331 633 inter
356 599 506 642 segetes
524 597 563 632 et
590 596 629 631 in
664 597 794 632 vineis
821 598 1015 633 Armeniae
1047 597 1097 633 ad
1122 596 1431 634 Naekitchewan
1464 602 1501 635 et
1529 600 1570 635 in
1593 599 1771 637 districtu

60 646 167 684 Kho'i
186 646 329 682 Persiae
349 644 480 688 (Szov.
499 653 580 679 exs.
595 644 669 679 sub
686 644 734 679 A.
747 644 961 681 rotundato
975 644 1015 688 J),
1036 645 1087 680 ad
1107 645 1394 681 Nehniedabad
1411 646 1567 689 (Bulise
1584 650 1619 693 l),
1640 649 1774 684 Persia

59 692 298 787 ῗέἓῐᾶῗὲίιῗᾰ
316 691 474 727 Schiras
494 691 589 737 (Ky.
607 691 714 736 4502)
728 694 767 728 et
790 693 831 727 in
850 695 983 728 monte
1001 692 1158 728 Sawers
1170 692 1349 736 (Haussk
1365 695 1406 738 l),
1422 694 1544 740 Lycia
1559 695 1610 730 ad
1627 695 1772 731 Elmali

122 814 152 869 β
179 810 524 866 anqustijol‘z'um
544 812 698 866 Diagn.
727 812 818 856 Ser.
850 813 884 861 1,
915 814 981 866 13,
1019 826 1058 867 p.
1086 815 1157 856 29.
1187 837 1237 846 -
1265 813 1381 857 Folia
1407 815 1481 857 lin.
1507 817 1526 857 1
1554 816 1660 869 Ua&
1681 820 1773 860 tan-

63 877 159 918 tum
184 874 280 916 lata.
305 870 502 915 Umbella
531 872 674 914 minor
701 872 825 915 —A.
852 872 1125 915 seri-alatum
1153 873 1294 916 Boiss.
1323 872 1373 917 in'
1397 875 1477 929 Ky.
1502 886 1592 917 exs.

113 956 215 993 Hah.
237 955 283 992 ad
303 954 465 991 Gulbak
487 965 608 1002 prope
627 955 808 992 Teheran
829 956 973 993 Persiae
997 957 1182 1004 borealis,
1201 958 1241 993 in
1266 959 1360 1005 jugo
1395 958 1627 995 Elbrusensi
1648 970 1772 1006 propt¹

66 1004 243 1051 Nejufter
261 1002 414 1047 (Buhse
429 1004 467 1047 t).

113 1067 161 1103 Bi
181 1065 244 1102 vel
272 1064 474 1112 tripedale,
496 1064 592 1100 folia
606 1064 646 1100 in
666 1065 792 1101 forma.
810 1066 943 1120 typica
961 1069 1039 1103 tres
1062 1067 1189 1103 lineas
1215 1068 1308 1112 lata,
1328 1068 1378 1104 ab
1402 1068 1454 1104 A.
1481 1069 1774 1117 Ampelopraso

64 1116 208 1162 praeter
229 1113 380 1148 tunicas
406 1111 568 1147 demum
589 1112 754 1148 fibrosas
769 1114 972 1160 perigenio
993 1115 1144 1150 minore
1168 1116 1396 1162 angustiore
1417 1116 1510 1152 laevi
1532 1127 1601 1153 nec
1621 1118 1771 1163 scabro,

67 1161 119 1198 ab
137 1161 186 1197 A.
201 1159 374 1198 rotundo
393 1159 537 1195 tunicis
555 1159 724 1195 fibrosis.

131 1229 196 1262 Ar.
218 1225 354 1270 Geoqr.
377 1223 584 1270 Hungaria
601 1224 787 1260 australis
807 1224 875 1269 (ex
897 1224 944 1260 cl.
962 1225 1114 1261 Kerner
1132 1225 1234 1261 OEst.
1250 1226 1416 1263 Zeitsch.
1438 1227 1542 1274 1879,
1564 1239 1600 1275 p.
1625 1228 1726 1273 37.).

127 1343 195 1386 23.
220 1343 284 1387 A.
303 1340 684 1397 brevicuspis
711 1341 880 1392 (Boiss.
903 1343 1042 1397 Diagn
1082 1344 1154 1387 Or.
1180 1344 1273 1387 Ser.
1302 1345 1356 1397 II,
1381 1348 1422 1395 4,
1448 1359 1487 1400 p.
1525 1345 1625 1402 114)
1650 1347 1769 1390 bulbi

68 1402 194 1459 parvi
225 1400 397 1455 oblongi
431 1400 592 1444 tunicis
623 1401 666 1443 in
708 1401 842 1444 fibras
877 1403 1107 1457 parallelas
1137 1403 1307 1459 solutis⁷
1344 1418 1472 1461 scapo
1518 1406 1570 1448 ad
1602 1408 1772 1450 tertiam

70 1465 240 1517 partem
276 1461 421 1504 foliato
454 1460 551 1503 folia
592 1464 776 1513 anguste
805 1462 983 1506 linearia
1011 1462 1292 1506 canaliculata
1316 1465 1467 1508 striata
1502 1466 1622 1508 laevia
1645 1480 1775 1521 supc-

69 1524 211 1575 rante,
250 1519 403 1575 spatha
436 1520 519 1563 cito
563 1519 756 1570 decidua,
799 1521 996 1564 umbellae
1037 1522 1286 1565 multiflorae
1325 1524 1514 1577 globosae
1550 1525 1775 1580 pedIcellis

70 1580 278 1624 tenuibus
320 1579 429 1623 ssore
454 1578 622 1634 2-3-plo
650 1580 927 1623 brevioribus
955 1581 1044 1624 basi
1073 1581 1366 1634 blacteolatis,
1401 1584 1610 1638 perigonii
1649 1586 1774 1640 parvi

70 1639 231 1695 pallide
264 1638 572 1692 rosei-phyllis
605 1639 800 1693 oblongis
827 1640 1127 1694 acutiusculis,
1155 1641 1388 1685 filamentis
1416 1644 1502 1686 late
1528 1645 1776 1688 lanceolatis

68 1697 276 1742 ciliatnlis
315 1698 539 1752 perigonio
570 1697 848 1742 brevioribus
891 1699 1086 1742 externis
1125 1701 1394 1755 simplicibus
1436 1702 1776 1748 subulato-atle-

70 1757 217 1801 nuatis
242 1757 429 1800 internis
466 1757 766 1812 tricuspidatis
798 1759 1056 1813 cuspidibus
1084 1759 1303 1804 filamento
1336 1761 1431 1816 ipso
1456 1762 1587 1816 triplo
1618 1764 1778 1817 longio-

72 1817 194 1860 ribus
227 1829 381 1871 parum
415 1816 706 1870 inaequalibus
737 1823 794 1865 26.
819 1817 869 1860 A.
902 1818 1175 1861 serrulatecm
1201 1832 1289 1862 var.
1310 1820 1525 1872 yracilior
1561 1822 1706 1866 Boiss.
1735 1827 1776 1866 et

72 1875 220 1920 Bubse
240 1875 366 1918 Aufz.
398 1888 436 1930 p.
466 1876 567 1918 214.

118 1958 220 1995 Hah.
247 1959 288 1994 in
308 1958 508 1994 littoribus
528 1958 734 2004 sylvaticis
755 1960 876 1995 maris
898 1961 1032 2007 Caspii
1058 1961 1098 1996 in
1122 1961 1255 1998 Persia
1275 1962 1423 1999 boreali
1447 1963 1650 2010 (Buhsei).

125 2030 282 2076 Pedale,
300 2030 415 2066 valde
435 2031 555 2066 affine
573 2031 621 2067 A.
641 2031 905 2069 atroviolaceo
929 2034 1043 2079 cujus
1068 2033 1200 2069 forsan
1232 2035 1414 2082 varietas,
1441 2037 1617 2073 umbella
1639 2037 1779 2084 minor,

75 2078 270 2127 perigenii
290 2077 432 2125 phylla
453 2078 644 2124 acutiora,
666 2078 957 2116 filamentorum
977 2081 1162 2128 cuspides
1182 2082 1344 2118 inclusae
1366 2093 1437 2119 nec
1456 2087 1635 2121 exsertae.

137 2199 206 2240 24.
242 2197 302 2243 Δ.
335 2195 813 2253 Cappadocicum
853 2198 1008 2255 (Boiss.
1034 2200 1077 2241 in
1113 2199 1201 2242 Bal.
1226 2211 1319 2243 exs.
1348 2201 1478 2258 1856)
1511 2202 1631 2245 bulbi
1667 2204 1781 2247 ovati

75 2258 236 2302 tunicis
275 2257 472 2300 externis
512 2268 704 2310 superne
740 2257 952 2312 elongatis
989 2265 1031 2301 et
1065 2259 1108 2301 in
1147 2259 1281 2302 fibras
1315 2261 1487 2315 solutis,
1518 2274 1646 2316 scapo
1671 2264 1782 2307 elato

77 2318 194 2360 ultra
249 2316 422 2360 tertiam
481 2319 647 2369 partem
706 2316 849 2360 foliato
894 2317 991 2360 solia
1047 2322 1228 2372 anguste
1276 2320 1454 2362 linearia
1504 2322 1784 2366 canaliculata

77 2377 228 2420 striata
259 2375 380 2418 laevia
405 2379 657 2428 superante,
677 2377 831 2430 spatba
856 2376 1053 2421 decidua.
1070 2377 1270 2421 umbellae
1288 2380 1537 2423 multissorae
1561 2381 1784 2435 pedicellis

79 2435 187 2478 flore
215 2434 382 2488 2-5-plo
413 2435 682 2487 longioribus
710 2436 802 2477 basi
828 2447 913 2478 non
954 2436 1244 2483 bracteolatis.
1270 2439 1480 2491 perigonii
1519 2441 1642 2494 parvi
1669 2443 1784 2484 rosei

79 2494 204 2536 nitidi
233 2496 415 2546 anguste
450 2493 676 2546 cylindrici
715 2494 874 2549 phyllis
915 2495 1322 2551 oblongo-cllipticis
1347 2499 1516 2542 obtusis
1552 2499 1785 2543 filamentis

80 2553 242 2606 glabris
267 2552 461 2596 externis
485 2564 507 2593 a
532 2552 624 2594 basi
647 2554 882 2596 lanceolata
909 2555 1136 2606 simulatis,
1159 2557 1347 2599 internis
1371 2559 1667 2612 tricuspidatis
1689 2571 1785 2603 cus-

80 2612 254 2666 pidibus
279 2611 552 2653 subcxsertis
575 2613 796 2655 filamento
824 2613 918 2667 ipso
950 2614 1314 2659 subbrevioribns
1339 2618 1603 2662 antlicriserzi
1632 2620 1785 2661 latera-

82 2671 196 2714 libus
219 2671 292 2715 vix
321 2670 523 2713 breviore
560 2677 618 2718 26.

128 2753 230 2790 Hah.
250 2756 290 2790 in
306 2753 477 2790 collibus
498 2754 547 2790 ad
563 2765 745 2791 occasum
765 2755 954 2792 Caesareae
973 2756 1011 2791 in
1031 2757 1287 2804 Cappadocia
1308 2759 1395 2794 sitis
1417 2760 1515 2804 (Bal.
1535 2771 1620 2796 exs.
1643 2763 1789 2808 1115li.

130 2827 329 2874 Bipcdale,
353 2826 528 2863 umbella
556 2828 875 2875 sesquipollicem
895 2829 1014 2864 diam.
1034 2830 1132 2874 lata;
1153 2831 1203 2865 ab
1229 2831 1276 2866 A.
1300 2832 1576 2879 ampelopraso
1606 2836 1643 2869 et
1664 2835 1788 2870 artini-

83 2873 160 2910 bus
185 2875 325 2910 tunicis
348 2874 505 2910 sibi-osis
533 2879 741 2918 remotum,
763 2877 810 2912 A.
837 2876 1100 2913 ati-ociolaceo
1144 2878 1267 2913 Boiss.
1290 2880 1404 2914 altine
1437 2881 1614 2926 specifico
1655 2882 1789 2917 dill'eri·

83 2921 238 3006 vildetui·
257 2922 362 2958 foliis
384 2922 564 2966 laevibus,
586 2923 788 2969 pedit-eliis
806 2924 1056 2960 brevioribus
1085 2935 1163 2961 non
1190 2925 1452 2970 bracteoIasts,
1475 2928 1684 2964 lilamentis
1713 2940 1790 2966 non

76 2969 119 3005 <zi
137 2968 173 3006 io
195 2970 279 3006 atis.

1604 3039 1650 3075 16
