2062 3314
237 170 310 208 460
980 174 1204 201 GRAMINEAE
1679 164 1938 202 Anthistiria.

245 251 424 296 linearis
451 248 761 303 angustissima
787 248 831 290 in
866 247 1046 291 aristam
1082 249 1251 301 longam
1291 249 1530 289 contortam
1571 247 1811 291 flexuosam
1846 262 1945 303 pro-

246 312 390 364 ducta,
416 309 642 351 rarissime
669 306 805 349 arista
829 307 1052 356 destituta,
1081 307 1201 360 palea
1228 305 1516 348 minutissima
1545 306 1611 348 vel
1638 307 1774 350 nulla.
1808 307 1946 363 Squa-

246 370 377 413 mulae
398 367 511 411 binae
534 369 743 410 truncatae
767 366 833 407 vel
859 366 1016 407 bifidae.
1042 365 1150 420 Styli
1193 364 1463 414 terminales,
1501 364 1698 418 stigmata
1741 367 1941 420 elongata

246 429 381 472 dense
405 428 604 481 plumosa
629 438 680 468 ex
709 425 830 478 apice
853 425 1033 479 spiculae
1059 423 1341 477 emergentia.
1365 421 1600 476 Caryopsis
1627 424 1810 478 oblonga
1831 430 1946 468 tere-

248 487 430 529 tioscula
456 485 530 527 sed
561 484 684 526 basin
712 484 879 526 ventris
925 483 1094 526 macula
1132 483 1257 525 hilari
1287 482 1566 536 punctiformi
1609 483 1749 526 obsita
1785 485 1944 536 glumis

246 546 441 589 involuta
464 544 540 588 sed
567 544 781 586 libera-
817 542 971 584 Herbae
1001 540 1106 584 facie
1135 540 1477 593 Andropoyonis
1505 551 1527 582 e
1560 541 1749 586 sectione
1774 542 1948 596 Cymbo-

245 615 404 658 poyon.

314 726 348 766 1.
393 724 453 767 A.
501 722 705 766 ciliata
742 721 806 775 (L.
845 720 946 762 Diss
1010 719 1158 762 Gram.
1191 720 1260 762 36.
1298 744 1351 750 -
1389 719 1540 776 Suppl.
1596 722 1693 774 113)
1742 722 1947 775 perennis

246 784 411 837 glauca,
438 781 594 825 culmis
621 781 747 822 elatis
776 780 992 822 teretibus
1016 779 1178 822 foliosis
1206 778 1476 833 simplicibus
1506 780 1573 822 vel
1602 781 1803 828 ramosis,
1833 781 1947 824 foliis

249 842 490 884 linearibus
518 840 661 895 planis
689 839 809 882 ciliis*
824 838 917 881 basi
942 838 1228 881 tuberculatis
1265 838 1363 891 plus
1400 838 1543 881 minus
1570 838 1724 882 obsitis
1750 840 1943 893 margine

248 906 292 944 et
314 901 367 943 ad
395 911 553 942 nervos
578 899 756 946 scabris,
780 898 1126 950 glomerulorum
1151 897 1366 939 fasciculis
1386 897 1645 952 pedunculis
1669 899 1946 947 filiformibus

251 959 445 1002 suffultis
473 958 732 1001 nutantibus
756 958 827 998 4-7
860 957 1144 998 inferioribus
1172 956 1364 1006 remotis,
1386 956 1638 1009 glomerulis
1672 957 1715 998 in
1749 970 1948 1012 unoquo-

251 1032 337 1073 que
380 1018 582 1060 fasciculo
623 1017 698 1057 3-4
747 1015 900 1068 spatha
941 1016 1176 1057 lanceolata
1207 1014 1354 1067 glabra
1399 1016 1618 1058 communi
1653 1016 1716 1058 eis
1755 1017 1948 1070 longiore

250 1079 432 1121 inclusis
456 1081 498 1119 et
521 1075 686 1129 spathis
710 1074 902 1128 propriis
927 1074 1105 1116 dimidio
1134 1074 1411 1117 brevioribus
1435 1074 1528 1117 basi
1542 1075 1734 1117 suffultis
1758 1079 1948 1130 septem·

251 1136 497 1190 spiculatis,
541 1134 807 1187 spicularum
848 1136 873 1173 4
912 1133 1247 1175 involucralium
1286 1133 1506 1175 sessilium
1558 1134 1716 1187 glumis
1747 1134 1949 1188 oblongo-

252 1195 504 1238 lanceolatis
533 1192 828 1235 multinerviis
856 1192 1025 1233 inferne
1047 1191 1210 1244 glabris
1233 1203 1424 1245 superne
1446 1192 1551 1235 setis
1577 1192 1668 1235 basi
1702 1192 1950 1237 tubercula-

252 1256 308 1297 tis
344 1254 513 1308 sparsis
548 1251 717 1304 obsitis,
745 1251 923 1304 spiculae
961 1250 1331 1304 hermaphroditae
1367 1251 1457 1292 basi
1499 1251 1597 1304 pilis
1641 1251 1750 1293 rufis
1790 1252 1942 1294 obsitae

252 1314 414 1367 glumis
436 1312 545 1355 albis
567 1312 749 1352 externa
773 1310 894 1363 apice
925 1309 1119 1351 breviter
1150 1310 1380 1363 puberum,
1403 1311 1622 1362 glumellae
1645 1311 1778 1353 arista
1806 1311 1947 1354 valida

253 1375 453 1415 contorta
476 1371 647 1412 hirsuta
670 1369 849 1422 spiculis
876 1369 1099 1411 multoties
1123 1368 1331 1423 longiore,
1356 1369 1535 1421 spiculis
1562 1369 1675 1412 binis
1712 1370 1951 1414 terminali-

254 1432 336 1474 bus
370 1430 595 1484 pedicellis
629 1427 791 1481 glabris
830 1428 1024 1470 suffultis
1070 1428 1282 1470 abortivis
1324 1428 1540 1471 subulatis
1589 1435 1651 1477 26.
1692 1427 1854 1478 Cavan,
1890 1428 1945 1472 Ic.

253 1490 338 1533 tab.
366 1490 463 1532 459.
494 1513 547 1517 -—
576 1487 696 1529 Desf.
725 1487 879 1529 Journ.
906 1487 1038 1541 Phys.
1067 1487 1134 1528 40.
1166 1487 1263 1537 292,
1291 1483 1374 1540 t'ap.
1405 1489 1439 1528 1.
1479 1511 1534 1516 ———
1571 1490 1621 1530 A.
1658 1488 1874 1530 australis
1903 1488 1949 1528 R.

254 1549 326 1591 ΒΓ.
358 1549 513 1590 Prodi:
543 1545 640 1588 200.

311 1623 341 1678 β
390 1620 703 1674 braolayantlia.
733 1645 785 1650 —
829 1619 1015 1674 Spiculae
1051 1620 1400 1664 subabbreviatae
1459 1644 1512 1650 -
1557 1620 1595 1663 A
1645 1621 1948 1676 braclzyantlca

256 1684 396 1727 Boiss.
417 1683 572 1734 Diagn.
598 1678 691 1723 Ser.
716 1679 836 1733 1,13,
864 1694 902 1734 p.
940 1680 1010 1721 71.

302 1755 406 1792 Hab.
424 1756 466 1790 in
486 1755 663 1790 dumosis
689 1754 802 1789 siccis
818 1753 944 1799 Syriae
970 1752 1156 1788 littoralis
1177 1752 1226 1788 ad
1256 1753 1406 1788 radices
1435 1753 1560 1789 Cassii
1586 1756 1688 1790 inter
1716 1755 1890 1791 Suadieh
1916 1758 1955 1791 et

255 1803 491 1840 Laodiceam
517 1803 697 1846 (Boissl),
725 1802 765 1836 in
787 1801 957 1836 collibus
983 1801 1033 1835 ad
1062 1800 1215 1835 radices
1244 1799 1388 1835 Libani
1414 1811 1532 1847 supra
1561 1801 1740 1848 Tripolin
1771 1802 1890 1847 (ΒΗ),
1910 1803 1952 1838 in

256 1851 409 1887 Ciliciae
430 1849 614 1885 littoralis
644 1848 749 1883 valle
771 1847 989 1883 Guzeldere
1020 1847 1069 1882 ad
1099 1846 1271 1883 Kechlik
1299 1858 1416 1894 supra
1444 1848 1616 1884 Mersina
1645 1850 1743 1894 (Bal.
1779 1850 1885 1893 5401)
1916 1853 1953 1885 et

254 1900 356 1933 inter
376 1896 509 1932 Giilek
533 1899 571 1931 et
590 1895 808 1932 Gehennan
830 1895 989 1930 Deressi
1006 1894 1110 1931 2000'
1132 1894 1224 1939 (Ky.
1244 1894 1344 1940 321).

317 1986 341 2022 y
371 1964 565 2020 Syrmca.
598 1987 649 1992 -
688 1963 836 2017 ltlaj0r,
859 1962 1165 2004 fasciculorum
1208 1962 1371 2015 spathae
1405 1962 1621 2016 longiores
1648 1964 1817 2007 inferne
1840 1977 1953 2006 mar—

256 2025 359 2079 gine
384 2024 550 2073 cibatae,
581 2022 760 2075 spiculae
795 2026 961 2063 neutrae
1002 2022 1188 2074 majores
1220 2021 1257 2074 (5
1286 2022 1357 2063 lin.
1384 2022 1538 2076 longae)
1565 2022 1765 2065 crebrius
1787 2023 1951 2070 ciliatae,

256 2084 440 2138 spiculae
469 2086 637 2124 neutrae
662 2081 917 2123 terminales
955 2081 1223 2134 pedicellatae
1256 2081 1500 2124 lanceolatae
1531 2093 1610 2123 nec
1644 2082 1869 2125 subulatae.
1899 2107 1951 2112 —

257 2143 307 2185 A.
339 2142 522 2195 Syriaca
544 2140 670 2183 Boiss
710 2141 784 2182 loc.
813 2140 882 2181 cit.
915 2152 952 2193 p.
978 2140 1044 2181 72.

304 2216 407 2252 Hah.
430 2217 469 2250 in
489 2215 614 2260 Syria,
633 2215 673 2249 in
693 2214 853 2259 regione
873 2214 1067 2259 sylvatica
1087 2214 1272 2249 inferiore
1290 2214 1434 2249 montis
1455 2214 1585 2250 Cassii
1607 2214 1739 2259 (Boiss
1755 2217 1792 2261 l),
1816 2215 1857 2250 in
1876 2214 1953 2251 col-

256 2263 362 2299 libus
386 2263 535 2298 Ciliciae
555 2262 604 2297 a'd
626 2264 722 2307 sept.
745 2261 919 2296 Tarsous
939 2260 1076 2305 (Ball),

305 2326 556 2372 Comparatis
586 2334 691 2360 nunc
722 2323 1004 2370 speciminibus
1032 2323 1215 2371 pluribus
1248 2323 1521 2370 polymorphae
1548 2325 1598 2360 A.
1628 2325 1773 2361 ez'lz'alae
1804 2325 1953 2371 species

257 2374 372 2410 binas
392 2385 414 2408 a
442 2383 502 2408 me
524 2372 632 2419 prius
659 2372 881 2417 propositas
909 2371 958 2405 ab
986 2374 1029 2406 ea
1056 2381 1135 2406 non
1168 2372 1347 2418 specifice
1378 2371 1513 2407 differe
1547 2382 1779 2418 persuasum
1813 2372 1951 2408 habeo.

255 2422 295 2457 A
332 2420 483 2467 planca
506 2420 608 2455 Desf.
626 2428 674 2454 ex
704 2419 837 2454 Africa
858 2418 1008 2453 boreali
1037 2418 1200 2464 spiculis
1228 2421 1320 2454 setis
1347 2429 1366 2454 e
1399 2419 1603 2455 tuberculo
1639 2420 1733 2455 ortis
1758 2420 1954 2455 destitutis

258 2469 308 2504 ab
330 2470 385 2504 eis
412 2467 679 2512 distinguitur.

305 2533 367 2567 Ar.
390 2532 523 2575 Geoqr.
543 2529 653 2564 ludia
675 2529 891 2573 orientalis,
910 2528 1043 2564 Africa
1063 2529 1220 2575 tropica,
1240 2529 1356 2564 Nova
1374 2528 1599 2565 Hollandia,

319 2639 432 2682 2.A.
456 2638 748 2681 anathera
768 2637 902 2691 (Necs
926 2638 966 2679 in
992 2636 1140 2680 Steuds
1158 2637 1380 2693 Syn 402)
1401 2640 1607 2692 perennis
1622 2640 1783 2693 glauca,
1799 2639 1953 2682 culmis

257 2699 384 2741 elatis
400 2699 550 2739 stricte
575 2698 758 2739 ramosis
778 2697 942 2739 foliosis
966 2696 1017 2737 ad
1042 2698 1178 2739 nodos
1201 2698 1470 2748 incrassatis,
1490 2698 1602 2740 foliis
1619 2703 1802 2752 anguste
1822 2699 1953 2740 linea-

259 2758 384 2801 ribus
407 2756 665 2798 acuminatis
691 2756 900 2808 elongatis
927 2755 1078 2808 rigidis
1097 2757 1278 2809 scabris,
1306 2757 1526 2810 spicarum
1550 2758 1765 2800 fasciculis
1790 2758 1953 2812 pedun-

258 2817 415 2860 culatis
458 2815 614 2857 erectis
658 2816 836 2857 remotis
885 2815 926 2855 in
967 2814 1209 2867 paniculam
1247 2815 1387 2857 laxam
1418 2817 1659 2869 elongatam
1708 2816 1950 2870 dispositis,

259 2876 394 2930 spicis
432 2874 701 2928 pedicellatis
740 2873 933 2925 oblongis
977 2873 1326 2927 subcompressis
1356 2874 1447 2916 basi
1486 2875 1673 2918 bracteis
1703 2875 1951 2918 lanceolatis

261 2933 645 2989 spatnaesormibus
684 2933 817 2974 fuscis
847 2932 1050 2977 suffultis,
1077 2933 1258 2987 spiculis
1296 2933 1508 2976 subnonis
1532 2934 1767 2977 imbricatis
1792 2935 1953 2976 lanceo-

2059 286 2062 371 l

2060 388 2062 495 l
