2062 3314
238 157 308 194 452
973 166 1199 195 GRAMINEAE
1727 157 1928 206 Lyyeum.

305 238 338 281 1.
362 236 418 281 L.
445 235 728 293 spartum
754 234 879 293 (Lcss.
915 238 972 282 Ic.
1003 239 1124 294 Hisp.
1153 239 1237 283 tab.
1266 240 1307 281 2.
1333 261 1388 268 -—
1413 237 1458 280 L.
1487 237 1566 292 Sp.
1596 238 1670 294 74)
1697 240 1941 284 rhizomate

238 297 495 340 horizontali
522 300 704 351 repente
729 298 924 351 squamis
949 299 1157 342 coriaceis
1185 298 1336 341 nitidis
1368 298 1549 350 vestito,
1571 298 1767 342 caulibus
1793 300 1938 355 cespi-

238 357 362 408 tosis‚
386 356 497 398 foliis
529 355 693 409 glaucis
732 356 855 399 duris
895 356 1355 400 filiformi-convolutis
1383 356 1596 400 flexuosis
1620 356 1938 411 subpungenti-

238 415 335 464 bus,
384 415 515 468 ligula
553 415 765 468 elongata,
812 416 967 468 spatha
1009 416 1225 458 terminali
1269 416 1464 459 solitaria
1497 416 1653 459 striata
1693 417 1935 460 virescente

238 475 432 528 margine
456 473 648 516 scariosa
669 473 933 526 acuminata,
959 474 1139 528 spiculis
1168 475 1292 528 longe
1321 475 1661 527 sericeo-pilosis
1687 475 1809 529 prius
1837 488 1938 530 spa-

237 533 312 575 tha
336 532 517 575 inclusis
540 532 639 575 dein
667 533 906 576 lateraliter
928 534 1116 576 exsertis
1148 534 1217 580 Ql.
1254 534 1372 576 Lam.
1399 533 1467 575 ΙΙΙ.
1493 532 1603 576 Gen.
1634 533 1717 575 tab.
1743 535 1813 576 39.

284 608 385 644 Hah.
412 608 452 643 in
473 607 672 654 argillosis
694 609 731 643 et
749 608 925 643 arenosis
956 608 1179 653 maritimis,
1207 609 1324 644 Creta
1351 609 1402 644 ad
1428 617 1550 655 prom.
1579 608 1717 644 Sidero
1749 610 1787 644 et
1815 619 1938 655 prope

237 654 504 692 Pilalimmata
540 655 700 690 ditionis
742 655 841 690 Sitia
875 655 999 698 (Sieb.
1031 654 1207 701 Heldrl),
1244 656 1423 702 Egyptus
1467 655 1629 690 inferior
1665 655 1715 691 ad
1748 655 1938 703 Aboukir,

238 702 420 747 (Husson
435 704 475 748 l),
495 702 598 738 inter
616 701 900 738 Alexandriam
927 704 965 737 et
984 702 1188 738 Rosettam
1211 703 1310 747 (Ehr
1328 704 1368 749 !).
1385 702 1441 738 Fl.
1461 702 1575 738 Mart.
1595 702 1685 738 Mai.

285 769 346 804 Ar.
366 769 500 810 Geoqr.
529 768 726 814 Hispania
747 767 931 803 littoralis
950 770 988 804 et
1012 768 1175 804 interior
1198 767 1239 803 in
1266 767 1537 813 salsuginosis,
1556 766 1754 813 Sardinia,
1787 767 1938 811 Sicilia,

239 815 354 851 Italia
373 814 572 861 australis,
591 815 722 851 Africa
744 815 928 851 borealis.

681 976 769 1024 TR.
809 976 895 1024 111.
933 947 1502 1025 ANDROPo-GbNEAE.

299 1121 484 1175 Spiculae
524 1133 650 1164 secus
691 1121 1066 1175 spicae-rachidom
1106 1122 1174 1164 vel
1214 1121 1424 1175 paniculae
1463 1121 1656 1164 ramulos
1694 1121 1936 1175 saepissime

240 1182 422 1235 geminae
454 1181 521 1223 vel
551 1181 802 1223 terminales
830 1184 965 1222 ternae
997 1193 1020 1222 a
1062 1180 1192 1223 dorso
1224 1192 1506 1235 compressae,
1535 1181 1671 1223 altera
1701 1182 1766 1222 vel
1796 1181 1939 1223 media

242 1240 410 1291 fertilis,
436 1244 605 1283 caeterae
629 1240 831 1281 masculae
860 1239 924 1282 vel
951 1242 1134 1288 neutrae,
1166 1239 1391 1282 rarissime
1426 1251 1577 1282 omnes
1612 1239 1790 1283 fertiles.
1832 1238 1945 1283 Glu·-

244 1300 369 1342 mella
397 1299 557 1353 glumis
583 1299 725 1342 minor
750 1298 921 1352 hyalina
946 1309 1059 1353 saepe
1083 1298 1277 1340 aristata.

577 1470 836 1520 lMPERATA
873 1469 983 1532 (Cyr.
1014 1470 1074 1517 Pl.
1102 1484 1187 1518 rar.
1216 1471 1344 1533 Neap.
1375 1470 1417 1529 2,
1447 1485 1485 1533 p.
1515 1471 1608 1532 26).

304 1615 492 1669 Spiculae
530 1615 573 1657 in
612 1615 821 1668 paniculae
858 1613 1120 1668 spicif0rmis
1149 1614 1283 1656 ramis
1306 1614 1488 1667 geminae
1515 1615 1648 1656 altera
1677 1614 1846 1657 sessilis
1870 1615 1939 1657 vel

244 1676 405 1728 saepius
431 1674 554 1717 ambo
593 1673 857 1727 pedicellalae
883 1676 1066 1726 utraque
1091 1673 1244 1714 fertilis
1272 1677 1314 1715 et
1341 1673 1495 1716 biflora
1520 1674 1704 1715 flosculo
1727 1672 1940 1716 inferiore

242 1737 398 1776 neutro
422 1733 475 1776 ad
502 1733 752 1786 glumellam
777 1732 955 1774 reducto
977 1733 1204 1785 superiore
1224 1732 1592 1785 hermaphrodito.
1616 1732 1783 1775 Glumae
1804 1744 1942 1774 mem-

244 1793 467 1836 branaceae
493 1792 592 1846 pilis
618 1791 883 1844 longissimis
906 1794 1032 1833 extus
1060 1790 1212 1832 obsitae
1239 1791 1514 1844 subaequales
1549 1791 1718 1833 muticae
1743 1791 1940 1834 flosculis

245 1852 477 1905 longiores.
525 1850 738 1893 Glumella
786 1850 907 1892 floris
957 1850 1101 1892 neutri
1155 1850 1557 1903 hermaphroditum
1615 1850 1846 1892 involvens
1896 1853 1940 1892 et

242 1911 481 1964 eolongior,
505 1909 675 1952 flosculi
695 1909 1037 1962 hermaphroditi
1065 1909 1267 1961 glumella
1297 1913 1338 1950 et
1365 1909 1483 1962 palea
1510 1909 1702 1951 tenuiter
1720 1910 1942 1952 membra-

245 1981 386 2012 naceae
415 1969 650 2023 inaequales
699 1969 819 2022 apice
843 1967 1072 2009 fimbrialae
1104 1968 1287 2010 muticae.
1317 1967 1564 2022 Squamulae
1599 1969 1741 2010 nullae.
1771 1967 1879 2021 Styli
1911 1968 1939 2009 2

243 2028 497 2071 terminales
537 2027 723 2080 elongati
764 2027 853 2068 basi
896 2026 1081 2076 connati,
1119 2026 1318 2080 stigmata
1353 2028 1474 2080 longa
1504 2028 1702 2080 plumosa
1729 2040 1782 2070 ex
1815 2028 1939 2080 apice

243 2087 420 2140 spiculae
464 2086 746 2138 emergentia.
796 2085 1029 2139 Caryopsis
1076 2085 1253 2127 ovoidea
1301 2085 1448 2139 glabra
1492 2086 1640 2127 libera.
1685 2109 1741 2116 —-
1778 2085 1938 2128 Herhae

245 2158 461 2200 perennes
498 2145 698 2201 panicula
722 2144 994 2198 cylindracea
1021 2145 1144 2196 longe
1169 2145 1348 2187 sericea.
1378 2169 1426 2174 —
1456 2143 1603 2188 Genus
1631 2149 1790 2198 praeter
1811 2145 1938 2187 inflo-

241 2206 498 2247 rescentiam
527 2204 579 2246 ab
607 2203 824 2246 Eriantho
848 2206 891 2245 et
912 2202 1129 2245 Succharo
1153 2204 1363 2257 paniculae
1386 2204 1567 2247 ramulis
1586 2202 1659 2246 vix
1695 2204 1940 2247 articulatis

242 2264 512 2307 distinctum.

302 2385 345 2426 1.
380 2383 418 2425 1.
447 2379 779 2436 cylindrioa
803 2380 869 2435 (L.
900 2379 972 2434 Sp.
1009 2382 1090 2422 120
1119 2382 1201 2423 sub
1226 2380 1425 2435 Layziro)
1469 2383 1676 2436 perennis
1700 2381 1937 2435 cespitosa,

243 2442 389 2485 radice
408 2442 533 2494 longe
557 2444 599 2483 et
623 2441 708 2483 late
735 2443 930 2494 repente,
959 2440 1121 2482 culmis
1138 2440 1294 2483 erectis
1321 2441 1484 2483 strictis
1509 2440 1599 2482 basi
1630 2440 1795 2494 vaginis
1820 2441 1940 2483 folio-

244 2514 342 2544 rum
381 2504 682 2543 emortuorum
725 2499 911 2553 stipatis.
946 2499 1059 2542 foliis
1091 2502 1275 2552 anguste
1311 2499 1551 2542 linearibus
1588 2499 1750 2542 strictis
1794 2500 1937 2554 planis

244 2561 417 2603 demum
447 2558 690 2601 convolutis
717 2557 987 2611 marginibus
1014 2558 1178 2599 scabris
1208 2570 1343 2601 nervo
1371 2559 1510 2601 medio
1549 2559 1632 2600 lato
1673 2559 1938 2601 radicalibus

245 2619 450 2661 consertis
474 2617 657 2660 caulinis
683 2618 845 2670 paucis,
875 2616 1084 2669 paniculae
1102 2617 1351 2670 cylindricae
1371 2617 1502 2659 ramis
1521 2617 1732 2660 brevibus
1755 2617 1938 2670 adpres-

246 2679 321 2728 sis‚
342 2676 501 2730 glumis
527 2674 971 2729 oblongo—linearibus
999 2679 1125 2718 extus
1150 2677 1274 2729 longe
1303 2676 1452 2729 pilosis
1475 2676 1644 2718 obtusis
1676 2676 1796 2729 apice
1831 2676 1937 2718 den-

245 2736 445 2784 ticulatis,
469 2735 676 2789 glumella
701 2738 743 2777 et
773 2735 892 2788 palea
918 2734 1079 2786 glabris
1103 2735 1222 2789 apice
1245 2734 1474 2777 fimbriatis
1522 2736 1585 2780 Ql.
1623 2734 1656 2776 l.
1689 2734 1937 2787 cylindrica

246 2795 293 2836 P.
316 2795 368 2837 de
408 2794 456 2836 B.
484 2795 657 2848 Agrost.
686 2807 727 2848 p.
756 2791 795 2834 1.
845 2818 884 2823 -
926 2792 1057 2835 Rehb.
1085 2793 1140 2834 lc.
1171 2793 1316 2836 Germ.
1347 2793 1416 2846 fig.
1443 2795 1542 2835 455.
1584 2817 1636 2824 —
1669 2792 1939 2835 Succharum

246 2853 542 2907 cylindricum
563 2852 679 2894 Lam.
706 2853 774 2895 Ill.
799 2852 882 2895 tab.
906 2853 976 2893 40.
1009 2877 1047 2882 —›
1085 2852 1145 2894 Fl.
1175 2851 1313 2895 Graec.
1343 2852 1425 2895 tab.
1458 2853 1526 2894 54.
1555 2877 1607 2883 —
1631 2853 1665 2894 J.
1690 2852 1945 2893 arzmdina-

247 2923 381 2954 nucea
406 2910 505 2966 Cyr.
537 2913 614 2954 loc.
637 2912 704 2954 cit.
735 2910 817 2953 tab.
850 2910 903 2952 11.
948 2934 1000 2941 —
1028 2911 1061 2952 I.
1090 2910 1358 2963 lezmberyii
1384 2915 1426 2953 et
1448 2909 1487 2952 I.
1516 2910 1709 2964 Koem'yii
1732 2910 1780 2952 P.
1808 2911 1860 2953 de
1886 2909 1933 2952 B.
