2062 3314
296 191 368 229 258
1041 197 1240 224 LILIACEAE
1811 190 1986 228 Allium,

342 271 445 307 Hah.
469 271 511 306 in
531 268 707 306 humidis
723 267 841 304 vallis
857 268 1037 305 Meandri
1055 267 1194 314 Lydiae
1213 270 1251 305 et
1279 268 1381 304 circa.
1397 267 1630 315 Hierapolin
1655 268 1789 313 (Boiss
1802 271 1842 317 l),
1864 271 1904 307 in
1929 282 1991 308 re-

293 319 409 365 gione
434 317 610 354 inferiori
631 315 762 352 Tmoli
780 325 900 360 supra
917 315 1235 362 Philadelphiam
1253 315 1438 359 (Boissl),
1456 315 1494 350 in
1514 315 1689 351 arenosis
1708 317 1917 354 maritimis
1937 319 1988 356 ad

294 366 504 412 Smyrnam
525 363 628 408 (Bal.
647 373 726 399 exs.
745 362 816 398 390
832 362 907 397 sub
927 363 977 399 A.
997 361 1233 444 Copssoleri),
1247 362 1485 408 Pamphylia
1495 362 1545 397 ad
1560 362 1782 399 Kourmalu
1794 364 1989 413 (Heldrl)‚

293 413 441 449 Ciliciae
467 411 627 457 regione
643 411 832 445 montana
858 409 905 444 ad
924 408 1054 445 Gulek
1110 410 1233 456 oghaz
1249 409 1354 446 3800’
1377 410 1476 454 (Kyl
1495 408 1567 444 Bal
1577 410 1614 455 l),
1630 409 1786 457 Egypto
1803 411 1987 449 inferiore

290 470 410 507 prope
436 457 719 495 Alexandriam
738 456 928 501 [Letourn
944 457 982 502 l),
1000 466 1120 503 prope
1141 457 1254 503 Sojut
1270 456 1470 501 (Wiedem
1488 457 1528 501 l).

341 524 481 560 Planta
506 522 749 569 1-5-pedalis,
777 520 953 557 umbella
973 520 1248 557 100-300-ss01·a
1272 530 1402 566 magn.
1424 520 1536 556 nucis
1556 519 1620 556 vel
1648 521 1828 567 amplior.
1855 523 1990 559 Affine

292 571 342 607 A.
364 570 694 624 particulam-var..
713 568 940 622 pallenti:
959 568 997 603 A
1019 567 1097 614 Cop
1128 568 1227 621 oleri
1243 568 1329 603 Tin.
1359 577 1382 602 a
1417 577 1497 613 quo
1524 566 1782 614 distinquitur
1819 569 1991 606 floribus

294 619 386 665 plus
404 618 526 664 duplo
552 615 783 660 minoribus
811 616 1014 668 perigonio
1045 579 1284 657 abssreviato,
1314 614 1496 667 antheris·
1518 615 1678 650 exsertis
1696 616 1733 650 et
1770 618 1989 663 praesertim

292 665 464 712 capsulae
484 666 618 718 forma.
638 663 687 699 A.
706 664 965 717 staticzsorme
985 662 1115 716 differt
1135 661 1391 715 caule-brevi,
1409 660 1619 715 pedicellis.
1638 661 1762 698 multo
1794 663 1985 700 breviori-

292 713 368 749 bus
385 715 422 749 et
436 710 704 759 pauclorlbus,
727 709 831 745 folus
849 709 1050 755 fistulosis,
1068 710 1163 745 flore
1180 719 1329 755 majori,
1346 707 1508 755 capsula
1529 710 1715 755 stipitata.

352 794 420 835 67.
459 792 522 836 A.
555 791 932 846 variegatum
969 790 1129 846 (Boiss.
1162 790 1318 842 Diagn.
1351 788 1442 832 Ser.
1485 788 1518 842 I,
1557 790 1596 841 7,
1637 802 1674 843 p.
1719 789 1823 843 118)
1863 789 1991 833 bulbi

294 852 409 896 ovati
443 851 601 894 tunicis
634 850 992 900 membranaceis,
1034 860 1161 902 scapo
1203 848 1332 892 tereti
1369 847 1422 890 ad
1461 848 1664 901 medium,
1691 848 1836 892 foliato
1879 849 1980 892 folia

294 914 477 963 anguste
504 909 684 953 linearia
708 909 875 951 inferne
899 908 1178 951 canaliculata
1206 910 1459 963 superante,
1490 907 1653 961 spathae
1693 908 1829 950 valvis
1868 908 1990 951 binis

291 970 474 1013 deflexis
494 969 741 1012 lanceolatis
760 968 922 1011 sensim
937 966 1168 1009 attenuatis
1189 966 1378 1009 umbella
1397 965 1764 1019 sublongiorihus,
1785 966 1993 1009 umbellae·

292 1029 480 1081 globosae
517 1028 765 1070 multiflorae
796 1026 1017 1080 pedicellis
1053 1026 1259 1068 tenuibus
1290 1025 1629 1080 subaequilongis
1668 1025 1777 1069 flore
1815 1026 1995 1079 3-4-plo

292 1088 575 1141 longioribus,
596 1086 809 1140 perigenii
823 1085 977 1128 minuti
1001 1085 1494 1138 oblongo-campanulati
1519 1084 1695 1127 nitentis
1713 1084 1803 1127 basi
1834 1085 1987 1128 flavidi

291 1158 482 1201 superne
519 1147 691 1189 intense
732 1144 943 1199 purpurei
976 1143 1136 1197 phyllis
1178 1143 1374 1196 oblongis
1409 1142 1591 1193 obtusis,
1629 1143 1859 1187 filamentis
1891 1144 1986 1186 basi

291 1205 512 1259 perigenio
536 1205 702 1247 adnatis
728 1206 909 1258 anguste
929 1202 1176 1246 lanceolatis
1197 1202 1418 1256 perigenio
1442 1202 1813 1255 sublongioribus,
1831 1202 1991 1246 ovario

289 1267 430 1318 ovato,
455 1265 566 1318 stylo
589 1266 762 1307 exserto
796 1269 854 1310 26.

337 1338 440 1374 Hah.
463 1339 501 1373 in
519 1338 684 1382 Assyria
701 1337 800 1372 inter
820 1334 1033 1371 Diarbekir
1051 1336 1088 1370 et
1108 1334 1262 1370 Mardin
1282 1334 1377 1380 (Ky.
1394 1333 1464 1370 305
1477 1335 1517 1378 !).

338 1401 630 1448 SesquipedaIe,
648 1399 825 1435 umhella
842 1398 1114 1444 magnitudine
1129 1397 1252 1444 nucis,
1271 1397 1520 1444 perigonium
1540 1398 1560 1433 1
1581 1398 1621 1442 Ἀ
1641 1397 1788 1433 lineam
1805 1398 1990 1444 longum..

291 1448 418 1484 Affine
436 1450 486 1484 A.
503 1446 728 1495 myrz'antho
745 1457 767 1481 a
782 1456 859 1492 quo
871 1448 1012 1492 praeter
1024 1446 1165 1480 florum
1181 1445 1350 1481 colorem
1366 1444 1495 1480 differt
1505 1445 1705 1491 perigonio
1716 1444 1989 1491 sublongiore,

296 1495 506 1531 filamentis
526 1495 754 1530 lanceolatis
771 1503 841 1529 nec
866 1492 1072 1528 subulatis.

351 1580 421 1621 68.
459 1578 520 1622 A.
559 1574 1161 1620 Wiedemannianum
1207 1575 1355 1628 (Regel
1390 1574 1502 1617 Mon.
1541 1588 1584 1630 p.
1625 1574 1722 1626 189,
1753 1587 1807 1618 ex
1835 1575 1983 1631 parte)

287 1638 408 1680 bulbi
450 1636 563 1680 ovati
606 1636 763 1679 tunicis
801 1634 1159 1686 membranaceis,
1197 1645 1325 1688 scapo
1357 1633 1468 1676 elato
1508 1634 1632 1677 tereti
1679 1633 1733 1675 ad
1785 1635 1988 1677 medium·

288 1697 430 1739 foliato
475 1697 571 1738 folia
611 1694 975 1737 filiformi-teretia
1017 1696 1268 1748 superante,
1287 1693 1463 1746 ,spathae
1506 1694 1646 1735 valvis
1684 1692 1797 1736 binis
1838 1694 1981 1737 ovatis

286 1755 544 1799 ventricosis
584 1753 933 1797 stricto-sulcatis
971 1753 1012 1795 in
1053 1752 1230 1794 caudam
1266 1752 1513 1795 subulatam
1547 1751 1776 1795 umbellam
1804 1765 1981 1806 aequan-

285 1819 370 1857 tem
400 1815 466 1857 vel
495 1816 773 1868 superantem
802 1813 986 1866 abrupte
1014 1811 1261 1863 contractis,
1289 1811 1491 1854 umbellae
1517 1811 1764 1854 multiflorae
1788 1811 1979 1864 globosae

285 1874 506 1928 pedicellis
551 1871 828 1927 capillaribus
868 1872 975 1913 flore
1022 1871 1192 1925 4-5-plo
1237 1869 1502 1923 longioribus
1546 1869 1833 1924 inaequalibus
1883 1870 1978 1913 basi

283 1933 432 1982 nudis,
460 1932 667 1986 perigonii
698 1931 906 1984 purpurei
932 1929 1427 1982 oblongo-campanulati
1459 1929 1616 1983 phyllis
1640 1928 1979 1981 oblongo-linea-

283 1991 406 2034 ribus
448 1991 774 2042 obtusiuseulis,
811 1989 1041 2031 filamentis
1078 1988 1293 2031 subulatis
1327 1988 1422 2030 basi
1462 1990 1682 2041 perigonio
1719 1987 1890 2031 adnatis
1926 2000 1976 2030 eo

283 2050 653 2104 sublongiorlbus,
676 2050 823 2091 ovario
842 2052 965 2090 ovato
984 2048 1276 2098 substipitats).
1299 2047 1412 2101 stylo
1437 2050 1611 2090 exserto
1646 2055 1701 2097 36.
1731 2047 1784 2089 A.
1821 2046 1976 2090 W'ede-

283 2109 571 2151 marinianum
588 2122 678 2153 var.
694 2108 808 2161 flore
828 2119 1055 2159 purpureo
1078 2106 1211 2159 Regel
1234 2107 1311 2149 loc.
1342 2106 1414 2148 cit.

332 2183 434 2218 Hah.
453 2183 493 2218 in
516 2182 699 2217 Anatolia
718 2192 838 2228 prope
859 2180 953 2216 Eski
973 2180 1145 2216 Scheher
1164 2179 1417 2224 (VViedeml).

330 2246 465 2283 Caulis
484 2246 730 2293 1-2-pedalis,
745 2245 920 2280 umbella
935 2247 981 2280 ea
1000 2244 1049 2280 A.
1073 2243 1293 2291 myrianthz'
1312 2243 1441 2278 minor
1467 2243 1600 2278 minus
1629 2243 1841 2278 multiflora
1877 2243 1984 2278 inter

279 2305 420 2330 nucem
441 2297 476 2330 et
502 2294 727 2329 avellanum
745 2292 887 2335 media,
906 2292 1156 2338 perigonium
1176 2292 1322 2326 lineam
1337 2291 1404 2325 vix
1424 2289 1615 2325 excedens
1630 2300 1675 2325 eo
1693 2291 1741 2325 A.
1758 2287 1991 2336 myre'antlzi'

283 2343 490 2386 angustius
518 2341 667 2386 phyllis
701 2340 1005 2385 angustioribus,
1036 2339 1215 2374 ovariuin
1254 2337 1457 2381 dissimile,
1494 2337 1623 2372 valvae
1651 2337 1802 2383 spathae
1844 2336 1974 2382 magis

282 2390 439 2424 inflatae.
465 2389 594 2424 Affine
618 2388 667 2423 A.
690 2388 897 2433 variefsato
919 2387 988 2421 sed
1006 2386 1209 2420 filamenta
1229 2385 1412 2420 subulata
1432 2394 1506 2419 nec
1523 2384 1749 2419 lanceolata.

338 2492 405 2533 69.
449 2491 507 2534 A.
536 2487 949 2533 callimischon
989 2486 1117 2541 (Link
1159 2485 1284 2528 Linu-
1323 2485 1394 2533 IX,
1435 2497 1474 2538 p.
1508 2485 1606 2537 140)
1642 2484 1762 2527 bulbi
1799 2482 1979 2536 oblongi-

277 2550 435 2593 tunicis
476 2548 816 2591 membranaceis
854 2546 1046 2589 externis
1081 2545 1261 2590 strialis,
1298 2556 1425 2597 scapo
1471 2548 1614 2586 erecto
1643 2543 1695 2585 ad
1740 2541 1972 2585 umbellam

281 2621 418 2663 usque
453 2609 650 2662 vaginato
684 2610 724 2649 et
758 2606 920 2652 folioso‚
956 2605 1068 2646 foliis
1109 2603 1433 2646 semiteretibus
1482 2603 1670 2645 tenuiter
1698 2599 1979 2644 liliformibus

274 2668 566 2710 canaliculatis
597 2665 877 2708 Inferioribus
910 2663 1173 2716 longissimis
1205 2675 1411 2716 supremo
1453 2661 1682 2704 umbellam
1721 2662 1970 2714 superante,

279 2727 432 2780 spatha
450 2725 643 2769 univalvi
668 2725 901 2766 lanceolata
920 2723 1080 2764 sensim
1106 2722 1574 2776 cuspidato-attenuata
1595 2720 1823 2763 umbellam
1842 2729 1978 2770 supe-v

278 2790 415 2837 rante,
441 2785 641 2827 umbellae
669 2783 891 2835 fastigialae
920 2781 1138 2835 pedicellis
1173 2782 1298 2822 10-15
1327 2780 1533 2822 tenuibus
1576 2778 1832 2821 fasciculatis
1866 2776 1969 2819 Sub-

277 2845 533 2887 nulantibus
556 2845 662 2885 flore
680 2842 844 2894 2-3-1210
861 2839 1127 2893 longioribus
1152 2839 1490 2893 subaeqnalibus‚
1515 2837 1725 2891 perigenii
1747 2836 1975 2878 tubuloso-

276 2902 563 2957 campanulati
598 2902 687 2943 basi
712 2900 920 2943 attenuati
954 2899 1114 2953 phyllis
1139 2899 1278 2941 roseis
1301 2898 1447 2939 carina
1472 2897 1731 2939 saturatiore
1759 2893 1974 2947 elongatis

274 2962 359 3004 late
404 2961 638 3004 linearibus
674 2960 792 3014 apice
835 2958 1045 3003 truncatis
1074 2970 1171 3000 cum
1210 2958 1278 3000 vel
1315 2957 1481 3011 absque
1517 2955 1699 3010 apiculo,
1737 2952 1976 2997 filamentis
