2062 3314
236 172 309 210 296
985 182 1186 209 mnmcnAE
1732 172 1932 211 Muscari.

239 252 548 308 angustissime
573 253 752 295 sulcatis
773 264 901 307 scapo
935 253 1215 308 longioribuS,
1240 265 1410 297 racemo
1434 254 1630 297 breviter
1662 255 1936 310 cylindraceo

237 316 422 367 angusto
454 312 652 354 laxifloro
687 313 946 356 11-18-floro
969 313 1153 357 floribus
1176 313 1479 367 superioribus
1511 313 1735 357 sterilibus
1768 315 1933 362 sensim

238 371 514 422 abbreviatis,
553 371 776 425 pedicellis
814 372 923 415 flore
952 373 1314 417 subbrevioribus
1349 372 1599 426 patentibus
1633 372 1806 416 tandem
1842 385 1935 415 eer-

238 432 355 482 nuis‚
389 430 598 484 perigonii
624 430 944 485 ovato-oblongi
972 431 1359 475 caeruleo-violacei
1388 431 1592 474 dentibus
1615 432 1768 475 albidis
1794 432 1935 475 ovatis

238 490 406 533 obtusis
425 489 639 542 recurvis,
660 490 848 544 capsulae
873 491 1013 534 valvis
1036 490 1281 534 rotundatis
1304 489 1378 533 vix
1402 490 1564 534 retusis
1589 491 1649 537 Qt,
1669 491 1800 544 Regel
1827 489 1935 533 Gar-

241 548 355 592 tenss.
383 548 469 591 tab.
496 550 577 591 377
609 547 762 604 <flores
784 561 968 593 erronee
993 551 1171 593 sessiles
1192 549 1411 604 exhibiti).
1428 570 1480 582 -
1510 549 1811 603 Botryantlms
1831 549 1936 592 Sar-

236 608 344 651 toriz'
366 608 470 651 Tod.
490 608 611 650 Hort.
632 606 838 650 Panorm.
868 609 956 652 tab.
983 611 1022 652 5.

283 681 385 719 Hab.
405 682 447 717 in
465 680 634 717 collibus
653 681 819 728 saxosis,
842 682 1069 728 Lycabetus
1088 684 1127 718 et
1146 681 1402 718 Turcovouni
1440 682 1542 717 cirea
1575 681 1754 718 Athenas
1768 681 1937 724 (Heldr!

234 729 293 765 Fl.
309 729 432 765 Graec.
460 739 540 764 exs.
558 728 699 774 23781),
715 730 901 765 Parnassi
924 730 1030 776 regio
1049 729 1208 765 inferior
1226 729 1408 774 (Guicc)
1437 728 1569 764 insula
1589 730 1711 765 Poros
1730 728 1929 774 (Reinh.)⁴

236 776 463 823 Specimina
502 776 688 822 quaedam
722 786 772 811 ex
807 777 1040 812 Antilibano
1077 787 1201 823 supra
1238 775 1415 812 Balbeck
1454 776 1567 820 (Post
1578 777 1605 821 l)
1643 778 1681 812 et
1720 787 1767 812 ex
1804 776 1939 812 Persia

236 823 387 860 boreali
407 833 529 871 prope
544 823 722 859 Massula
736 823 889 869 (Buhse
905 824 980 860 sub
998 823 1052 860 M
1069 834 1275 860 raeemoso
1290 823 1320 865 J)
1339 823 1415 859 huc
1436 823 1535 858 mihi
1548 826 1723 870 spectare
1738 822 1937 858 videntur.

282 889 343 924 Ex
363 889 409 925 cl.
430 888 644 924 Heldreich
663 890 699 924 et
718 888 874 925 Todaro
896 900 983 926 cum
1012 890 1065 926 M.
1084 899 1287 926 racemo-so
1305 899 1354 924 ex
1372 888 1466 925 vivo
1496 891 1768 935 comparatum
1808 887 1938 924 differt

234 946 388 972 racemo
407 936 499 972 laxo
519 938 683 982 anguste
710 936 925 982 cylindrico
953 947 1022 973 nec
1039 940 1158 973 ovato
1178 937 1311 982 denso,
1331 936 1495 972 floribus
1513 935 1671 982 longius
1689 935 1935 982 pedicellatis

236 993 315 1019 non
336 984 567 1029 imbricatiS,
589 983 753 1019 floribus
774 984 975 1020 sterilibus
994 984 1349 1030 numerosioribus,
1367 984 1563 1030 perigonii
1590 983 1776 1020 dentibus
1807 982 1935 1028 magis

234 1031 435 1078 revolutis,
453 1030 668 1077 maj0ribus
695 1033 733 1066 et
748 1031 1057 1068 candidioribus.

295 1133 364 1174 25.
391 1132 459 1174 M.
488 1131 828 1187 neglectum
863 1131 1012 1188 (Guss.
1045 1133 1089 1175 in
1126 1132 1233 1175 Ten.
1271 1131 1377 1186 Syll.
1406 1132 1519 1186 App.
1556 1132 1597 1183 5,
1637 1145 1676 1186 p.
1712 1131 1782 1186 Υ13)
1812 1130 1935 1174 bulbi

236 1192 467 1245 majusculi
505 1191 700 1245 squamis
729 1192 888 1235 crassis
921 1192 1040 1245 apice
1075 1191 1394 1239 secedentibus,
1425 1192 1537 1234 foliis
1570 1191 1808 1234 linearibus
1851 1190 1936 1233 late

235 1250 534 1293 canaliculatis
559 1251 886 1304 erecto-patulis
912 1262 1040 1305 scapo
1067 1250 1351 1304 longioribus,
1378 1236 1547 1293 racemo¹
1575 1251 1758 1304 oblongo
1792 1249 1937 1292 densi-

234 1309 344 1352 ssoro
367 1309 552 1353 floribus
571 1309 776 1352 deorsum
805 1309 1057 1361 imbricatis,
1082 1310 1264 1353 floribus
1285 1311 1505 1365 supremis
1530 1310 1754 1352 sterilibus
1773 1311 1935 1352 erecto-

235 1369 503 1422 patentibus,
522 1368 744 1422 pedicellis
769 1370 1154 1422 patenti-recurvis
1178 1370 1286 1412 ssore
1314 1369 1693 1421 subbrevioribus‚
1724 1367 1936 1423 perigenii

236 1431 429 1470 saturate
448 1427 624 1471 caerulei
659 1428 853 1470 nutantis
888 1429 1206 1482 ovato-oblongi
1236 1429 1342 1472 lobis
1370 1428 1525 1472 albidis
1550 1429 1689 1471 ovatis
1722 1426 1935 1478 recurvis,

232 1488 423 1541 capsulae
448 1488 586 1531 valvis
613 1487 1071 1531 obovato-orbiculatis
1095 1488 1216 1543 apice
1234 1488 1480 1531 rotundatis
1506 1489 1566 1534 Ql.
1586 1486 1641 1529 M.
1665 1485 1937 1529 Atlanticum

235 1545 373 1589 Boiss.
400 1549 443 1590 et
460 1546 510 1589 R.
541 1546 693 1599 Pugill.
719 1560 756 1599 p.
786 1547 882 1589 114.

283 1620 385 1656 Hah.
409 1621 451 1656 in
474 1621 601 1665 cultis,
623 1620 761 1666 vineis,
781 1620 863 1656 vidi
884 1631 931 1656 ex
951 1622 1081 1656 Attica
1103 1621 1143 1657 in
1164 1620 1310 1657 oliveto
1330 1621 1576 1657 Athenarum
1596 1620 1784 1665 ffleldrh,
1798 1620 1935 1655 Arme-

235 1668 302 1702 nia
320 1668 482 1704 Turcica
508 1668 559 1704 ad
578 1667 919 1704 Grumuschkhane
940 1669 1094 1715 (Bourg
1107 1671 1145 1715 l),
1165 1669 1283 1715 Syria
1301 1669 1351 1705 ad
1372 1668 1525 1716 Aleppo
1545 1667 1781 1713 (Hausskl),
1801 1666 1936 1703 Persia

234 1716 414 1751 orientali
437 1716 536 1762 (Bge
554 1717 581 1761 l)
604 1719 641 1751 et
661 1715 772 1762 prob.
792 1715 900 1751 alibi.

281 1779 344 1814 Ab
365 1780 475 1815 affini
494 1779 549 1815 M.
577 1789 780 1816 racemoso
806 1790 977 1826 quocum
995 1791 1100 1827 saepe
1119 1780 1373 1816 confunditur
1387 1781 1615 1816 distinctum
1635 1779 1759 1816 bulbo
1778 1787 1935 1825 magno,

234 1836 352 1873 scapo
373 1827 535 1863 elatiore
554 1827 789 1872 robustiore,
810 1828 913 1863 foliis
932 1828 1143 1863 latioribus
1161 1828 1238 1864 late
1265 1827 1539 1864 canaliculatis
1561 1838 1631 1864 nec
1659 1828 1825 1873 anguste
1855 1825 1940 1861 sul·

233 1876 341 1919 catis,
363 1874 529 1910 floribus
547 1875 776 1921 maioribus,
797 1876 969 1921 capsulae
986 1876 1222 1911 charactere.

279 1940 340 1975 Ar.
363 1940 497 1985 Geoqr.
519 1939 735 1983 Lusitania,
767 1939 974 1986 Hispania,
1005 1939 1150 1985 Gallia,
1187 1939 1384 1985 Helvetia,
1420 1939 1633 1975 Germania
1666 1935 1940 1983 occidentalis,

230 1986 400 2023 litterale
419 1988 683 2031 Austriacum,
710 1987 922 2032 Dalmatia,
944 1987 1074 2023 Africa
1092 1987 1278 2023 borealis,

293 2100 361 2141 26.
383 2099 453 2142 M.
481 2102 917 2143 commutatum
942 2099 1089 2149 (Guss.
1115 2098 1266 2143 Prodr.
1287 2099 1367 2142 Sic.
1388 2098 1418 2149 Ι,
1438 2098 1544 2154 426)
1563 2098 1683 2142 bulbi
1702 2097 1936 2142 mediocris

232 2158 391 2202 tunicis
429 2158 723 2212 nigro-fuscis,
755 2158 866 2200 foliis
902 2158 1139 2202 linearibus
1174 2158 1469 2202 canaliculatis
1502 2158 1691 2201 flaccidis
1727 2157 1935 2211 expansis

232 2230 361 2271 scapo
387 2217 671 2270 longioribus,
697 2229 868 2261 racemo
905 2217 1099 2260 breviter
1135 2222 1261 2261 ovato
1290 2217 1528 2261 densissoro
1567 2218 1787 2271 pedicellis
1825 2216 1935 2259 flore

234 2277 366 2330 duplo
403 2276 680 2320 brevioribus
715 2277 800 2318 imo
827 2276 1102 2320 brevissimis
1135 2278 1325 2328 cernuiS‚
1362 2277 1546 2319 floribus
1582 2276 1808 2319 sterilibus
1831 2275 1933 2319 sub-

232 2336 379 2389 nullis,
408 2336 617 2391 perigenii
653 2336 930 2379 atroviolacei
972 2336 1293 2389 ovato-oblongi
1325 2335 1534 2379 turbinati
1562 2348 1753 2391 superne
1776 2334 1934 2377 eximie

231 2395 422 2448 angulati
447 2395 652 2439 dentibus
675 2395 977 2438 concoloribus
993 2394 1162 2438 obtusis
1181 2399 1281 2438 aute
1299 2394 1498 2437 anthesin
1514 2394 1938 2437 inflexo-conniven-

231 2454 362 2502 tibus,
386 2454 575 2507 capsulae
603 2454 787 2497 valvulis
814 2454 1161 2508 ovato-oblongis
1185 2455 1304 2508 apice
1328 2453 1574 2497 rotundatis
1615 2455 1675 2500 Ql.
1717 2453 1768 2495 Ic.
1795 2453 1929 2496 Flow.

232 2511 365 2556 Gard.
395 2513 480 2556 tab.
509 2514 608 2555 369.
634 2537 688 2544 —-
725 2513 830 2555 Ten.
859 2513 922 2555 Fl.
948 2512 1055 2566 Nap.
1089 2513 1176 2557 tab.
1210 2514 1307 2556 229.
1349 2536 1401 2543 —
1443 2512 1499 2554 M.
1536 2511 1769 2564 Lafarinoe
1797 2512 1940 2554 Tineo-

235 2596 284 2603 —-
304 2571 358 2614 M.
383 2571 652 2615 acutilobum
671 2571 787 2615 Bert.
814 2571 974 2616 Comm.
1000 2571 1103 2614 Bon.
1130 2573 1181 2627 V,
1210 2585 1248 2626 p.
1284 2572 1394 2614 431!

281 2648 384 2684 Hab.
404 2648 447 2683 in
468 2648 622 2684 Graecia
638 2648 817 2684 omnium
834 2648 1152 2694 vulgatissimum
1173 2648 1314 2693 (Heldr
1329 2649 1369 2694 l),
1384 2646 1515 2683 insula
1531 2645 1731 2692 Zacyntho
1751 2645 1880 2691 (Marg
1893 2645 1935 2689 l),

232 2695 359 2731 Attica
395 2696 435 2731 in
463 2695 621 2740 oliveto,
650 2695 691 2730 in
721 2695 875 2730 saxosis
916 2696 1095 2741 Hymetti
1129 2697 1166 2731 et
1201 2695 1388 2731 Pentelici
1425 2697 1462 2730 et
1499 2693 1631 2729 insula
1667 2693 1931 2729 Pharmacusa

233 2741 376 2786 (Heldr
394 2744 431 2787 l),
450 2743 638 2788 Argolide
657 2745 696 2778 et
715 2742 861 2778 Eubaea
881 2743 1070 2788 (Heldr),
1095 2742 1369 2790 Peloponneso
1400 2741 1516 2786 (herb
1555 2741 1709 2777 Fauche
1725 2741 1761 2785 l),
1800 2738 1935 2775 insula

233 2789 364 2825 Thera
383 2790 612 2835 (Schmidt),
638 2790 753 2836 Syria
784 2790 834 2825 ad
864 2790 1019 2837 Aleppo
1050 2790 1290 2836 (Haussk!)‚
1326 2788 1526 2824 Palestina
1560 2788 1684 2833 (Roth
1707 2797 1753 2823 ex
1773 2785 1937 2831 Baker),

232 2835 518 2884 Mesopotamia
534 2837 584 2872 ad
602 2837 845 2883 Euphratem
863 2838 1026 2882 (Chesn.
1048 2836 1093 2872 12
1107 2838 1144 2882 l).

282 2901 343 2937 Ab
376 2902 485 2937 affini
503 2903 550 2937 M.
573 2911 778 2938 racemosa
796 2902 901 2938 toliis
927 2901 1146 2947 latioribus,
1173 2911 1327 2937 racemo
1361 2900 1541 2936 densiore
1567 2901 1605 2935 et
1640 2899 1832 2943 breviore,
1861 2898 1931 2933 flo-

236 2948 349 2984 ribus
369 2949 572 2984 sterilibus
592 2949 726 2995 nullis,
749 2949 948 2986 fertilibus
965 2948 1178 2985 saturatius
1208 2948 1399 2985 violaceis
1429 2957 1596 2994 superne
1635 2946 1832 2993 angulatis
1858 2944 1944 2981 sub·
