2062 3314
234 210 306 248 368
959 211 1206 242 CYPERACEAE
1736 199 1928 248 Cyperus.

236 290 527 346 inaequalibus
551 289 671 344 apice
696 289 830 331 dense
855 285 1325 342 corymboso-spicatis,
1351 282 1566 325 involucri
1593 283 1752 337 phyllis
1771 283 1934 336 longio-

238 352 363 394 ribus
390 349 621 393 umbellam
649 349 775 402 longe
799 347 1125 401 superantibus,
1154 343 1334 400 spiculis
1358 343 1402 384 in
1429 341 1570 407 spicas
1593 341 1934 397 oblongo—cylin-

236 410 381 452 dricas
404 409 538 451 dense
561 408 777 460 congestis
811 406 1061 461 patentibus
1084 400 1539 456 oblongo-lanceolatls
1569 400 1932 456 subcompressis,

236 468 396 520 glumis
419 466 662 509 arctissime
684 464 923 508 imbricatis
944 460 1294 516 ovato-ellipticis
1327 458 1576 502 stramineis
1604 458 1750 502 carina
1772 459 1934 504 virenti

237 527 282 569 in
307 536 556 569 mucronem
593 527 867 570 excurrente,
894 523 1068 566 rachide
1101 534 1187 564 non
1222 520 1350 568 alata,
1384 517 1583 571 stigmate
1618 516 1750 562 bifido
1787 519 1932 561 rarius

237 585 398 635 trifido,
429 583 585 626 nucula
621 584 767 636 gluma
790 582 887 635 plus
913 581 1044 635 duplo
1070 581 1238 623 minore
1276 577 1460 620 obovata
1495 575 1733 620 biconvexa
1761 589 1935 620 mucro-

239 645 339 686 nata
376 644 441 685 vel
473 641 533 695 (in
572 642 709 684 forma
744 642 855 694 stylo
887 639 1053 694 trifido)
1086 639 1302 694 triquetra
1344 637 1405 683 Ωι.
1431 634 1473 678 C.
1498 634 1619 678 dives
1646 635 1745 678 Del.
1771 635 1832 678 Fl.
1854 635 1934 690 Eg.

240 715 283 756 p.
311 701 514 754 mmai).
546 701 585 742 [ι.
610 700 679 753 fig.
707 700 745 741 3.

286 774 390 810 Hab-
413 773 461 809 ad
491 773 647 809 canales
680 774 718 808 et
748 773 858 808 lacus
889 771 1034 818 Egypti
1065 770 1261 806 inferioris
1292 767 1341 803 ad
1372 766 1658 804 Alexandriam
1689 766 1832 811 (Gailll
1863 767 1935 804 Le-

238 824 357 857 tourn
374 822 413 867 l),
432 820 637 856 Rosettam
657 819 770 863 (Sieb
788 822 826 865 1),
841 819 1067 854 Damiatam
1079 817 1229 862 (Emi),
1244 815 1462 861 AEgyptum
1481 813 1654 850 mediam
1666 813 1937 861 (Schweinfl).

291 886 353 921 Ar.
372 886 505 930 Geoqr.
522 884 668 920 Insulae
694 884 965 929 Canarienses,
984 882 1129 927 Nubia,
1150 880 1376 926 Abyssinia,
1404 878 1530 925 India,
1552 878 1670 915 Nova
1695 878 1932 915 Hellandia.

303 986 371 1027 12.
415 984 466 1028 C.
503 993 802 1039 pygmeus·
828 982 991 1036 (Rottb.
1027 981 1178 1024 Descr.
1214 981 1282 1029 20,
1317 979 1402 1023 tab.
1431 976 1549 1028 XIV,
1584 978 1654 1031 fig.
1685 977 1733 1032 4)
1758 990 1934 1021 annuus

239 1044 485 1097 cespitosus
512 1054 734 1097 pygmens,
760 1042 915 1085 culmis
943 1041 1100 1083 erectis
1134 1040 1200 1082 vel
1239 1038 1410 1082 diffusis
1434 1037 1548 1080 foliis
1570 1037 1810 1080 linearibus
1837 1049 1936 1079 acu-

240 1102 414 1145 minatis
428 1114 542 1156 saepe
565 1099 987 1155 superatis,spiculis
1007 1097 1312 1142 numerosisin
1334 1097 1569 1151 capitulum
1589 1096 1814 1149 globosum
1832 1097 1937 1137 sim-

240 1161 343 1213 plex
375 1161 443 1202 vel
494 1159 777 1213 compositum
818 1159 1033 1201 involucri
1069 1158 1226 1211 phyllis
1269 1156 1393 1210 longe
1428 1158 1684 1209 superatum
1719 1155 1938 1208 congestis

240 1218 451 1261 brevibus
497 1218 952 1271 oblongo-lanceolatis
999 1216 1262 1270 compressis
1305 1214 1570 1268 multifloris,
1615 1214 1773 1267 glumis
1819 1217 1938 1257 arcte

243 1276 485 1320 imbricatis
512 1276 967 1330 oblongo-lanceolatis
1001 1275 1265 1318 5-7-nerviis
1290 1277 1448 1328 praeter
1472 1273 1662 1316 carinam
1686 1272 1872 1316 viridem
1894 1272 1938 1315 in

241 1348 492 1379 mucronem
523 1336 893 1388 subsquarrosum
922 1338 1183 1377 attenuatam
1209 1331 1527 1387 albo-hyalinis,
1554 1331 1740 1375 stamine
1777 1331 1938 1386 saepius

241 1395 383 1442 unico,
402 1395 516 1448 stylo
542 1395 673 1436 bifido
701 1393 866 1448 (rarius
890 1392 1075 1441 trifido),
1092 1394 1251 1435 nucula
1275 1392 1459 1444 oblonga
1483 1391 1689 1445 utrinque
1716 1392 1939 1433 attenuata

241 1454 339 1495 laevi
370 1454 474 1495 facie
500 1454 624 1507 plana
660 1453 789 1495 dorso
815 1454 1005 1494 convexa
1039 1451 1279 1507 (interdum
1306 1452 1344 1493 si
1367 1451 1564 1502 stigmata
1591 1450 1677 1493 tria
1702 1448 1935 1504 triquetra)

240 1513 387 1565 gluma
416 1513 548 1566 duplo
580 1512 780 1554 breviore
807 1516 873 1562 Θ,
903 1510 942 1553 C.
968 1510 1256 1553 Michelianzts
1297 1510 1390 1552 Del.
1431 1509 1498 1551 Ill.
1523 1508 1579 1551 Νο
1613 1509 1669 1551 34
1694 1520 1779 1550 non
1808 1507 1854 1551 L.
1884 1531 1939 1538 —

240 1570 288 1613 C.
307 1570 497 1623 diffusus
523 1570 660 1613 Roxb.
689 1595 731 1600 —
770 1569 1039 1623 Dichostylis
1057 1580 1239 1622 pygmea
1261 1569 1387 1612 Nees.

289 1643 391 1678 Hah.
420 1643 459 1678 in
480 1643 632 1678 limosis
651 1645 689 1678 et
709 1643 883 1678 arenosis
909 1642 1124 1686 exsiccatis,
1145 1641 1330 1678 Anatolia
1359 1642 1409 1677 ad
1439 1641 1683 1686 Magnesiam
1722 1638 1824 1684 (Bal.
1860 1649 1941 1675 exs-

240 1690 317 1725 sub
340 1689 400 1725 Sc.
419 1690 686 1735 Mz'chelz'ano),
705 1689 821 1735 Syria
837 1690 1019 1725 littoralis
1037 1690 1148 1735 (ΒΗ),
1165 1689 1344 1735 Egyptus
1364 1688 1541 1732 inferior,
1559 1688 1690 1724 media
1706 1689 1744 1723 et
1761 1686 1940 1734 superior

239 1737 342 1780 (Del.
363 1737 479 1772 Siebl
500 1737 614 1772 Boiss
633 1739 640 1771 l
665 1737 762 1773 Kral
784 1739 790 1772 l
818 1738 919 1783 ete),
954 1737 1240 1783 Mesopotamia
1261 1739 1300 1772 et
1321 1735 1543 1782 Babylonia
1570 1735 1698 1780 (Noe’l
1727 1733 1939 1779 Hausskl)‚

239 1784 377 1819 Persia
397 1784 583 1819 australis
607 1784 789 1828 (Haussk
805 1786 843 1827 l).

288 1846 411 1882 Valde
430 1848 557 1882 atiinis
578 1850 615 1882 et
637 1857 741 1893 saepe
760 1847 949 1882 confusus
963 1857 1052 1882 cum
1064 1845 1203 1892 Scirpo
1218 1845 1457 1882 Michelz'ano
1475 1844 1544 1892 qui
1561 1846 1625 1889 (cl.
1647 1845 1798 1881 Cosson
1816 1843 1932 1891 Expl.

239 1893 327 1940 Alg.
350 1905 385 1940 p.
404 1894 451 1930 53
471 1894 685 1940 indicante)
705 1894 962 1940 distinguitur
981 1894 1127 1940 glumis
1150 1894 1199 1929 tri
1217 1903 1290 1928 nec
1309 1893 1544 1929 5-7-nerviis
1573 1891 1840 1938 irregulariter
1860 1901 1936 1927 nec

238 1941 648 2034 Ξίῑὲυέιεωίῧὲξπίωῒίε.
674 1941 711 1977 C.
728 1950 918 1989 pyymeus
935 1941 1040 1987 stylo
1055 1940 1254 1976 interdum
1274 1939 1404 1977 trifido
1431 1940 1642 1976 transitum
1679 1939 1730 1975 ad
1760 1938 1937 1986 Eueype·

285 2053 347 2087 Ar.
365 2053 495 2097 Geogr.
515 2051 647 2088 Africa
666 2052 836 2087 borealis
857 2053 896 2087 et
913 2051 1075 2098 tropica,
1095 2049 1209 2086 India
1234 2049 1451 2088 orientalis

798 2203 919 2248 SECT.
947 2204 1000 2248 II.
1028 2202 1376 2247 EUCYPERUS.

517 2330 528 2341 ‘
554 2328 726 2375 Spiculae
743 2328 873 2365 rachis
896 2327 1084 2375 angulata
1102 2327 1166 2365 vel
1190 2328 1422 2375 marginata,
1435 2337 1515 2364 non
1534 2326 1650 2364 alata.

304 2425 371 2467 13.
398 2422 453 2469 C.
483 2424 858 2470 schaenoides
881 2424 1072 2481 (Griseb.
1101 2424 1213 2479 Spic.
1242 2425 1366 2469 Rum.
1399 2424 1505 2480 421)
1532 2425 1828 2479 glauccscens‚
1851 2424 1940 2467 rhi-

239 2487 404 2527 zomate
432 2485 555 2537 longe
582 2488 780 2538 repente,
808 2485 962 2527 culmis
981 2485 1194 2527 teretibus
1218 2484 1526 2527 crassiusculis
1545 2483 1942 2527 erecto-subincur-

239 2543 308 2585 vis
330 2543 421 2585 basi
442 2543 654 2596 vaginatis
672 2547 713 2585 et
733 2543 902 2592 foliatis,
921 2543 1033 2585 loliis
1051 2543 1203 2598 rigidis
1217 2543 1412 2586 incurvis
1427 2542 1938 2586 carinato-canaliculatis

236 2603 431 2645 culmum
460 2601 735 2656 aequantibus
775 2603 842 2644 vel
877 2602 1210 2656 superantibus,
1239 2601 1506 2656 spicularum
1528 2601 1783 2655 glomerulis
1808 2601 1942 2644 sessi-

239 2660 354 2703 libus
376 2661 419 2702 in
444 2661 677 2713 capitulum
694 2673 896 2713 magnum
923 2661 1149 2713 globosum
1175 2665 1443 2714 compactum
1471 2661 1703 2713 congestis,
1725 2659 1942 2703 involucri

236 2719 397 2773 phyllis
433 2720 507 2761 3-4
540 2719 825 2773 inaequalibus
858 2720 949 2762 basi
986 2719 1173 2764 dilatatis
1200 2720 1542 2763 horizontalibus
1574 2720 1762 2773 capitulo
1799 2720 1936 2762 multo

241 2778 526 2832 longioribus,
557 2779 735 2832 spiculis
766 2779 1015 2825 numerosis
1048 2779 1390 2832 ovato-oblongis
1422 2778 1686 2834 compressis
1709 2777 1940 2821 obscurius

239 2836 453 2888 distichis,
490 2838 647 2890 glumis
690 2837 1174 2890 ferrugineo-castaneis
1215 2839 1297 2880 late
1336 2839 1475 2880 ovatis
1511 2837 1718 2880 carinatis
1748 2837 1941 2880 tenuiter

241 2895 540 2938 multinerviis
569 2897 714 2938 carina
732 2899 994 2939 excurrente
1019 2897 1281 2940 mucronatis
1306 2896 1586 2939 inferioribus
1611 2897 1682 2937 1-2
1706 2894 1941 2950 maj0ribus

243 2953 487 3007 sterilibus,
507 2954 679 2998 rachide
703 2967 789 2997 non
816 2955 942 3008 alata,
969 2955 1242 3009 stigmatibus
1266 2955 1418 3007 tribus,
1443 2954 1602 2998 nucula
1625 2955 1771 3008 gluma
1808 2954 1942 3009 triplo
