2089 3246
87 193 286 234 Aristida,
836 201 1064 228 anamma:
1727 195 1799 231 495

147 277 188 319 9.
225 277 285 320 A.
312 274 593 331 plumosa
618 274 679 329 (L.
704 273 779 329 Sp.
811 275 944 329 1666)
969 275 1202 329 cespitosa.
1242 275 1355 318 soliis
1395 279 1511 319 arcte
1554 278 1798 322 convolutis

87 335 365 378 filiformibus
407 334 562 387 acutis,
601 333 756 377 culmis
806 334 1146 378 ascendentibus
1180 336 1247 377 vel
1281 335 1441 377 erectis
1480 335 1648 378 inferne
1683 348 1798 391 saepe

86 394 272 437 ramosis
299 394 352 437 ad
389 392 634 436 internodia
670 395 713 436 et
750 393 928 447 vaginas
968 393 1198 436 inferiores
1236 394 1500 436 tomentellis
1532 395 1598 436 vel
1627 396 1795 448 lanatis,

86 453 221 507 ligula
248 453 301 495 ad
325 452 536 495 annulum
557 456 750 495 setarum
775 452 970 505 reducta,
995 452 1197 506 panicula
1229 453 1380 495 stricta
1407 456 1589 506 angusta
1617 456 1797 497 racemi-

85 512 239 566 sormi,⁸
265 511 424 565 glumis
460 510 623 565 glabris
656 511 945 565 inaequalibus
989 510 1238 554 lanceolatis
1280 511 1538 555 acuminatis
1564 514 1794 567 superiore

84 571 288 625 longiore,
311 570 516 627 glumella
540 571 649 613 callo
667 569 935 623 stipitiformi
954 570 1124 612 hirsuto
1148 570 1328 612 suffulta
1353 571 1513 623 glumis
1540 572 1671 625 triplo
1694 572 1793 616 bre-

85 629 205 672 viore
229 630 322 671 laevi
348 628 497 683 glabra
520 629 640 683 apice
667 640 765 671 cum
790 630 924 672 arista
951 629 1195 678 articulata,
1221 630 1355 671 arista
1381 629 1492 672 infra
1528 642 1644 682 genu
1674 634 1792 673 recta

84 688 214 742 nuda,
241 691 334 732 seta
368 688 508 731 media
537 702 561 732 a
585 688 726 730 medio
751 688 804 731 ad
828 688 992 741 apicem
1021 692 1191 731 arrecte
1230 689 1430 742 plumosa
1467 689 1636 732 inferne
1661 690 1792 744 nuda,

81 748 187 791 setis
214 746 466 793 lateralibus
485 747 746 790 intermedia
772 747 941 801 3-4-plo
970 746 1265 790 brevioribus
1292 746 1423 790 nudis
1452 748 1645 790 tenuiter
1680 750 1788 802 capii

80 805 247 849 laribus
267 814 304 855 26
328 805 598 860 VablSymb.
621 806 653 857 Ι,
669 806 829 854 II,tab.
848 806 890 850 3.
922 829 973 837 —
999 805 1352 848 Arthratherum
1379 806 1634 858 plumosum
1660 805 1792 854 Nees.

81 864 344 908 —Gramen
367 863 586 907 Orientale
612 865 831 918 spicatum
852 863 1001 907 minus
1019 864 1178 907 aristis
1193 864 1399 918 pennatis
1418 865 1581 908 Tourn.
1604 865 1706 909 Inst.
1725 867 1793 915 39,

126 949 229 986 Hab.
247 951 286 986 in
307 950 483 986 arenosis
504 949 954 995 desertorum‚Egyptus
978 949 1141 985 inferior
1160 949 1211 985 ad
1231 948 1602 992 Mokattam‚Gebel
1621 948 1795 985 Achmar

82 998 151 1033 etc.
173 1007 294 1044 prope
315 997 508 1033 Kahiram
528 996 681 1041 (Schwl
718 997 928 1042 Cramerl)‚
960 997 1163 1032 desertum
1197 996 1414 1032 Arabicum
1445 997 1547 1031 inter
1581 996 1717 1032 Esueh
1756 1000 1796 1032 et,

81 1043 203 1081 Oasin
226 1044 407 1090 Chargeh
428 1045 553 1089 (Ascli
569 1045 612 1101 Q
630 1043 800 1079 litterale
819 1043 941 1079 maris
958 1043 1084 1079 Rubri
1115 1053 1238 1090 prope
1264 1043 1410 1079 Kosser
1437 1042 1584 1087 (Schw.
1612 1042 1726 1078 10661
1755 1047 1795 1079 et

80 1091 219 1138 10681),
238 1091 386 1127 Arabia
406 1094 554 1138 petraea
570 1090 761 1138 (schimp.
783 1091 869 1125 1741
889 1092 927 1126 et
956 1089 1045 1126 3941
1070 1091 1186 1126 Boiss
1201 1092 1240 1136 l),
1267 1090 1555 1137 Mesopotamia
1584 1089 1634 1126 ad
1664 1090 1792 1126 Bescb

78 1137 191 1174 Abur
210 1139 303 1184 (Ky.
321 1138 394 1175 392
404 1140 426 1184 t)
446 1140 484 1174 et
496 1138 598 1174 inter
617 1137 738 1174 Altun
757 1137 881 1184 Kopri
908 1139 945 1173 et
966 1137 1131 1173 Kerkuk
1148 1136 1328 1182 (Haussk
1341 1139 1382 1183 1),
1410 1137 1543 1173 Persia
1575 1137 1785 1173 orientalis

82 1185 131 1221 ad
150 1185 323 1222 Kerman
340 1186 489 1232 (Egel),
512 1185 640 1221 media
663 1185 711 1220 ad
731 1184 912 1221 Schurab
933 1194 1053 1231 prope
1074 1185 1265 1221 Kaschan
1281 1183 1461 1227 <Haussk
1476 1186 1516 1230 l),
1533 1194 1646 1231 prov.
1667 1185 1792 1220 Ader-

79 1231 214 1279 didjan
244 1233 286 1268 in
312 1234 428 1269 salsis
456 1233 633 1269 arenosis
659 1232 711 1268 ad
735 1232 841 1268 Kho'i
868 1232 1058 1277 (Szowl).
1092 1232 1230 1268 Persia
1265 1231 1438 1268 borealis
1475 1231 1525 1268 ad
1562 1231 1791 1267 Asterabad

77 1279 178 1324 (Kar
192 1281 233 1326 l),
266 1290 374 1326 prov.
416 1280 646 1316 Kliorassan
683 1279 734 1316 ad
763 1279 970 1326 Nichapur
1008 1278 1166 1325 (Egel),
1207 1279 1473 1315 Turcomania
1510 1278 1561 1315 ad
1592 1279 1782 1326 Caspium

79 1327 180 1371 (Kar
192 1329 200 1362 l
218 1327 420 1373 Beckeri).

135 1402 166 1503 Ιβ
198 1401 556 1504 ῌῖξαῑεεῆφιεσὴίὶἱ.
585 1425 643 1432 —-
665 1400 825 1445 Gluma
857 1401 1064 1456 superior
1095 1412 1289 1455 superne
1316 1401 1482 1443 remote
1515 1403 1559 1442 et
1594 1399 1788 1452 longius-

77 1471 128 1504 cu
149 1473 172 1504 e
200 1473 235 1504 ci
258 1474 293 1503 ia
318 1474 356 1505 a.

75 1534 305 1628 (HHab'kissl
341 1536 518 1572 arenosis
545 1535 739 1572 subsalsis
779 1535 924 1572 Persiae
961 1534 1148 1571 australis
1180 1535 1283 1570 inter
1329 1533 1480 1579 Seytun
1515 1535 1554 1568 et
1592 1532 1781 1569 Bebehan

135 1593 227 1619 auss
271 1611 308 1619 ..

121 1648 265 1731 lfilanta
282 1648 537 1696 semipedalis
557 1649 686 1685 rarius
706 1647 876 1696 pedalis,
895 1647 1033 1695 gluma
1055 1647 1237 1694 superior
1256 1645 1321 1682 6-8
1341 1645 1480 1689 lineas,
1501 1645 1622 1681 arista
1639 1644 1706 1680 2-2
1724 1646 1785 1689 ¹l2—

73 1705 124 1742 po
161 1706 291 1732 icaris.

120 1761 183 1796 Ar.
205 1761 339 1806 Geoqr.
359 1738 493 1797 Africa
511 1759 685 1796 borealis
702 1759 881 1796 interior.

136 1880 202 1921 10.
240 1879 302 1922 Δ.
336 1875 726 1934 hrachypoda
761 1876 956 1932 (Tausch
991 1876 1120 1918 Flora
1162 1876 1288 1927 1836,
1329 1887 1368 1929 p.
1411 1873 1518 1918 506]
1550 1873 1780 1928 cespitosa,

71 1936 183 1980 foliis
205 1941 323 1981 arcte
350 1937 594 1981 convolutis
620 1937 894 1979 ssliformibus
922 1935 1131 1980 flexuosis
1154 1935 1308 1986 acutis,
1335 1934 1490 1977 culmis
1521 1933 1678 1976 erectis
1710 1932 1779 1974 vel

71 1997 409 2040 ascendentibus
447 1996 617 2040 inferne
647 2008 763 2049 saepe
808 1996 991 2038 ramosis
1031 1995 1085 2038 ad
1119 1993 1378 2037 intermedia
1418 1992 1624 2036 inferiora
1662 2004 1780 2045 saepe

70 2057 350 2107 tomentellis‚
370 2055 536 2110 vaginis
557 2056 737 2109 glabris,
765 2055 894 2109 ligula
917 2055 971 2097 ad
996 2054 1209 2097 annulum
1229 2056 1424 2095 setarum
1444 2052 1639 2104 reducta,
1659 2051 1779 2104 pani-

68 2115 166 2158 cula
202 2115 354 2159 stricta
387 2117 570 2169 angusta
608 2115 895 2157 racemiformi
931 2114 1087 2167 vagina
1119 2112 1350 2166 superiore
1390 2111 1582 2159 suffulta,
1615 2109 1776 2163 glumis

67 2173 230 2227 glabris
254 2178 439 2228 anguste
472 2173 899 2218 lineari-lanceolatis
935 2173 1092 2216 obtuse
1127 2171 1384 2214 acuminatis
1421 2170 1651 2224 superiore
1684 2169 1777 2210 lon-

68 2233 203 2285 giore,
232 2233 437 2286 glumella
465 2234 573 2277 callo
616 2234 740 2286 longo
777 2233 948 2275 liirsuto
977 2230 1246 2285 stipitiformi
1280 2229 1462 2272 suffulta
1485 2228 1644 2282 glumis
1669 2240 1774 2281 qua-

65 2291 223 2347 druplo
269 2293 469 2336 breviore
506 2294 599 2336 laevi
635 2293 755 2346 apice
790 2303 888 2334 cum
921 2291 1056 2333 arista
1078 2290 1323 2340 articulata,
1352 2288 1485 2331 arista
1513 2288 1621 2329 infra
1650 2297 1767 2339 genu

67 2351 330 2396 brevissima
353 2355 471 2395 recta
493 2352 626 2402 nuda,
650 2353 742 2394 seta
770 2350 912 2394 media
944 2351 1075 2393 tertia
1100 2350 1166 2391 vel
1196 2348 1375 2390 dimidia
1411 2350 1533 2401 parte
1563 2345 1770 2411 interiore

67 2411 211 2454 rarius
234 2423 255 2453 a
280 2411 371 2454 basi
401 2413 516 2454 nuda
539 2422 732 2465 superne
753 2410 898 2464 patule
921 2409 1140 2463 plumosa,
1167 2407 1274 2450 setis
1299 2406 1552 2450 lateralibus
1582 2408 1773 2470 tenuiter

67 2470 352 2525 capillaribus
368 2471 496 2514 nudis
514 2469 772 2513 intermedia
789 2468 967 2512 dimidio
988 2468 1054 2511 vel
1074 2467 1202 2511 tertia
1222 2470 1344 2520 parte
1369 2464 1645 2508 brevioribus
1673 2474 1772 2517 ejus

67 2533 190 2582 parte
216 2530 332 2572 nuda
359 2529 627 2583 longioribus
658 2530 719 2576 Qt.

113 2613 215 2650 Hah.
237 2614 276 2649 in
303 2614 466 2649 desertis
491 2613 576 2660 Egy
593 2613 637 2648 ›ti
662 2622 784 2659 prope
806 2612 1012 2658 {Kahiram
1043 2611 1145 2646 inter
1173 2609 1299 2646 Gebel
1334 2608 1506 2660 Achmar
1542 2609 1579 2642 et
1616 2605 1772 2658 sylvani

65 2659 264 2715 lapideam
283 2662 462 2715 (Cramer
477 2662 516 2706 l),
539 2672 561 2696 a
606 2659 834 2696 Abubellah
857 2669 978 2717 prope
999 2658 1178 2712 Ismailia
1208 2661 1246 2710 et
1273 2656 1402 2710 Ouadi
1432 2653 1598 2708 Riselied
1632 2653 1774 2710 deserti

63 2708 465 2801 eggiglscssTEgyptiaci
515 2717 637 2755 prope
679 2707 860 2743 Helouan
908 2705 1180 2752 (bchweinfl)‚
1228 2706 1326 2739 inter
1370 2703 1561 2739 habitam
1599 2702 1636 2736 et
1672 2700 1773 2735 Suez

110 2827 252 2864 Planta
269 2827 565 2875 6-8-pollicaris‚
585 2826 721 2872 gluma
745 2825 922 2873 superior
942 2826 963 2860 7
984 2825 1124 2868 lineas,
1144 2824 1266 2859 arista
1289 2819 1612 2872 sesquipolliqem
1633 2818 1766 2865 longas

65 2874 190 2911 Valde
212 2876 342 2912 affinis
363 2875 462 2911 facie
484 2875 532 2910 A.
553 2873 744 2921 plumosoe
763 2884 785 2909 a
805 2876 882 2919 qua
900 2872 1057 2919 vaginis
1079 2871 1243 2917 glabris,
1263 2869 1393 2905 arista·
1414 2871 1521 2914 parte
1538 2867 1639 2920 infra
1665 2875 1766 2911 genu

64 2922 139 2958 sita
156 2925 238 2958 seta
258 2923 439 2959 breviore
459 2922 631 2968 setisque
651 2920 882 2957 lateralibus
904 2920 1032 2966 magis
1053 2919 1248 2964 elongatis
1266 2918 1345 2952 fere
1366 2918 1518 2951 tantum
1539 2914 1678 2949 diflert.
1702 2914 1766 2947 An

64 2969 141 3005 illae
159 2973 263 3007 notae
286 2973 348 3006 sat
372 2969 527 3006 firmae?
