2062 3314
238 233 312 272 616
972 244 1196 271 GRAMINEAE
1748 231 1939 273 Ρεειιιοιιῑ,ι

685 420 910 469 FESTUCA
949 424 1012 485 (L.
1051 421 1150 469 Gen.
1177 421 1233 469 88
1265 435 1310 470 ex
1345 420 1496 483 parte).

287 562 475 617 Spiculae
498 562 765 616 pedicellatae
785 574 809 603 a
838 562 973 604 latere
996 570 1258 613 compressae
1283 559 1581 601 2-multiflorae
1608 559 1803 601 flosculis
1825 570 1945 613 prae*

233 632 300 671 'ter
325 626 599 678 superiorem
625 634 740 675 saepe
765 621 1056 663 tabescentem
1095 618 1478 673 hermaphroditis.
1520 617 1688 660 Glumae
1711 617 1822 659 hinae
1847 620 1937 670 ple-

235 696 424 738 rumque
450 684 651 725 carinalae
691 681 786 733 plus
816 680 959 721 minus
985 678 1220 732 iiiaequales
1250 677 1429 719 inferior
1457 677 1684 730 angustior
1711 677 1947 720 uninervis

234 744 438 797 superior
461 741 671 785 binervis.
694 738 907 781 Glumella
923 739 1154 780 lanceolata
1183 737 1340 779 mutica
1360 737 1423 777 vel
1446 737 1488 778 in
1514 736 1692 778 aristam
1716 740 1944 780 attenuata

236 802 585 855 semicylindrica
624 803 666 842 et
696 798 826 841 dorso
863 798 1023 850 saepius
1060 795 1290 837 rotundata
1328 796 1425 848 plus
1456 795 1599 838 minus
1628 794 1860 849 conspicue
1900 798 1942 836 5-

239 862 403 905 nervis.
445 861 573 903 Palea
619 861 774 911 praeter
800 857 968 898 carinas
1009 856 1132 897 binas
1169 853 1403 897 herbaceas
1438 854 1614 896 scabras
1638 855 1703 896 vel
1731 853 1948 896 ciliolatas

237 921 423 965 scariosa
444 921 626 970 oblonga
662 917 727 958 vel
760 917 993 958 lanceolata
1024 914 1254 957 bidentata.
1291 912 1539 967 Squamulae
1580 913 1690 956 binae
1730 912 1813 953 ima
1850 912 1945 957 basi

241 983 446 1022 connatae.
473 978 663 1020 Stamina
692 976 730 1020 3.
754 974 959 1017 Ovarium
986 972 1183 1027 glabrum
1210 973 1275 1014 vel
1302 973 1421 1025 apice
1455 971 1737 1025 bispidulum.
1767 970 1874 1024 Styli
1918 973 1942 1013 2

242 1037 401 1081 breves
430 1036 680 1079 terminales
708 1034 774 1076 vel
800 1032 1147 1076 subterminales.
1176 1032 1374 1084 stigmata
1403 1032 1598 1084 plumosa
1632 1030 1867 1072 lateraliter
1891 1032 1947 1073 ad

243 1097 367 1141 basin
395 1098 515 1138 {loris
545 1091 1071 1147 emergentia.Caryopsis
1097 1091 1278 1144 oblonga
1306 1091 1369 1132 vel
1391 1091 1572 1132 obovata
1600 1091 1731 1132 dorso
1754 1101 1944 1132 convexa

246 1160 396 1198 ventre
420 1167 601 1197 concava
632 1154 699 1196 vel
727 1153 890 1194 sulcata
915 1155 957 1193 et
983 1151 1151 1193 macula
1175 1150 1299 1192 hilari
1326 1149 1475 1191 lineari
1504 1149 1570 1191 vel
1601 1149 1945 1191 lineari-lanceo-

243 1214 328 1258 lata
357 1216 554 1267 elongata
585 1215 727 1254 notata
753 1212 885 1263 paleae
919 1210 1094 1252 omnino
1124 1210 1189 1251 vel
1226 1209 1314 1250 basi
1341 1213 1506 1250 tantum
1532 1209 1772 1256 adhaerens,
1801 1208 1947 1250 rarius

240 1275 390 1317 libera.
438 1299 471 1302 —
496 1274 651 1314 liei-liae
679 1282 892 1324 perennes
916 1270 1096 1322 spiculis
1120 1269 1159 1310 in
1193 1268 1432 1322 paniculam
1459 1268 1524 1309 vel
1552 1279 1772 1310 racemum
1801 1267 1951 1308 uuila«

243 1335 423 1376 teralem
451 1332 686 1385 dispositis.
714 1353 772 1364 --
797 1328 946 1372 Genus
970 1341 992 1368 a
1020 1327 1112 1370 Poa‘
1135 1327 1302 1369 macula
1334 1326 1458 1368 hilari
1485 1325 1761 1381 punctisormi
1789 1329 1831 1367 et
1852 1327 1945 1378 glu-

243 1393 371 1436 mella
427 1392 496 1433 vix
539 1391 729 1432 carinata
775 1387 971 1441 (Hackel)
1024 1387 1292 1429 distinctum.
1336 1387 1383 1428 In
1426 1386 1555 1440 hujus
1590 1385 1764 1438 generis
1804 1386 1945 1437 quoad

243 1453 490 1506 specierum
511 1449 831 1491 distinctionem
862 1446 986 1489 valde
1012 1445 1135 1488 ardui
1163 1445 1434 1499 expositione
1454 1445 1716 1498 pedetentim
1732 1442 1808 1485 sed
1832 1456 1950 1486 sum-

243 1511 390 1552 matim
434 1510 648 1563 egregiam
693 1506 1043 1560 monograpliiam
1085 1507 1136 1548 cl.
1166 1505 1280 1547 Prof.
1319 1504 1364 1546 E.
1389 1504 1547 1546 Hackel
1592 1503 1665 1557 qui
1712 1503 1949 1557 specimina

241 1569 468 1613 orientalia
495 1567 683 1610 herbarii
712 1567 793 1609 mei
812 1568 984 1608 summa
1010 1565 1271 1618 benignitate
1300 1562 1608 1605 determinavit
1631 1566 1808 1605 secutus
1833 1574 1950 1613 sum,

242 1639 317 1671 eos
345 1629 418 1681 qui
446 1626 760 1680 expositionem
792 1625 994 1667 fusiorem
1023 1627 1232 1677 expetunt
1270 1623 1322 1665 ad
1352 1622 1466 1664 hunc
1506 1622 1661 1664 librum
1703 1621 1950 1666 remittens„

243 1689 287 1730 Ul
304 1718 314 1728 .
339 1692 489 1730 auctor
513 1686 678 1740 species
706 1685 933 1737 primarias
959 1683 1147 1725 admittit
1169 1695 1354 1735 quarum
1377 1681 1596 1723 nonnullae
1610 1681 1769 1722 formas
1796 1679 1949 1733 plures

242 1747 359 1790 inter
378 1759 423 1789 se
445 1746 598 1787 aflines
624 1744 676 1785 ab
703 1745 797 1785 aliis
825 1747 871 1786 ut
895 1743 1060 1796 species
1085 1742 1282 1795 proprias
1307 1741 1359 1782 ab
1383 1752 1432 1782 eo
1460 1743 1666 1783 autemut
1689 1739 1944 1792 subspecies

242 1806 666 1849 habitasinclmlunt.
694 1804 814 1844 Hanc
832 1802 1089 1844 divisionem
1120 1801 1349 1843 admittere
1378 1807 1418 1841 et
1443 1799 1598 1842 litteris
1638 1812 1658 1840 r
1681 1811 1703 1840 e
1728 1811 1770 1840 m
1796 1810 1819 1838 o
1846 1803 1857 1837 t
1883 1798 1890 1838 i
1923 1809 1944 1839 s

244 1865 475 1918 designare
514 1863 642 1905 debui
686 1862 885 1917 quamvis
926 1861 991 1902 hic
1029 1860 1190 1912 gradus
1228 1859 1573 1902 classificationis
1609 1857 1706 1900 alibi
1744 1858 1786 1898 iu
1818 1856 1944 1898 Flora

243 1923 451 1968 Orientali
472 1935 556 1965 non
577 1923 763 1964 usitatus
784 1922 851 1962 sit.
870 1918 929 1961 Cl.
954 1919 1110 1961 lIackel
1138 1918 1390 1972 subspecies
1415 1918 1456 1958 in
1476 1918 1708 1960 varietates
1725 1921 1766 1958 et
1784 1916 1945 1959 iterum

241 1982 285 2026 in
314 1983 634 2026 subvarietates
659 1979 989 2029 distribuit‚sed
1016 1980 1123 2021 hanc
1146 1982 1409 2031 postremam
1440 1977 1697 2019 divisionem
1716 1975 1948 2017 brevitatis.

243 2044 376 2086 causa
409 2041 627 2094 negligere
658 2039 801 2081 debui.
838 2039 882 2081 In
916 2038 1196 2089 diagnosibus
1233 2038 1507 2079 characteres
1544 2035 1799 2088 vaginarum
1835 2040 1874 2076 et
1903 2034 1945 2079 ei

244 2101 550 2144 fasciculorum
575 2098 1085 2152 selei-enchymaticorum
1109 2097 1173 2151 lin
1201 2097 1390 2138 sectione
1409 2095 1664 2137 transversa
1684 2094 1770 2135 solit
1794 2093 1942 2136 obser·

249 2160 469 2214 vatorum)
504 2171 524 2200 e
552 2158 665 2200 foliis
700 2157 980 2199 surculorum
1009 2155 1266 2198 radicalium
1293 2167 1371 2196 nec
1389 2168 1441 2198 ex
1465 2154 1577 2197 foliis
1606 2153 1736 2195 culmi
1766 2151 1947 2196 floriferi

244 2218 490 2273 deprompti
517 2221 632 2259 sunt.

239 2361 362 2406 Smer.
399 2361 428 2402 Ι.
464 2360 660 2403 OvtNiE
689 2361 843 2415 (Fries,
882 2359 1074 2407 Hackel).
1101 2383 1157 2389 —
1192 2358 1367 2410 Vaginae
1402 2356 1493 2400 basi
1540 2369 1625 2399 non
1671 2357 1946 2400 incrassataet

542 2421 704 2473 Ligulae
723 2424 932 2462 truncatae
949 2418 1260 2461 biauriculatae.
1279 2416 1496 2459 Foliorum
1515 2416 1683 2458 laminae
1703 2415 1769 2456 vel
1792 2425 1946 2457 omncs

542 2481 805 2533 complicatae
855 2479 920 2520 vel
965 2478 1142 2519 culmeae
1188 2476 1283 2529 plus
1322 2477 1465 2518 minus
1503 2476 1642 2529 planae
1693 2474 1948 2517 vernatione

543 2539 868 2593 conduplicatze.
888 2537 1102 2579 Glumella
1127 2537 1317 2587 margine
1335 2538 1518 2587 auguste
1532 2534 1737 2576 scariosa.
1754 2532 1946 2585 Caryop-

541 2598 601 2639 sis
632 2602 784 2639 ventre
808 2595 1020 2650 profunde
1044 2595 1325 2638 canaliculata
1353 2593 1572 2646 glnmellae
1594 2596 1638 2635 et
1665 2592 1799 2647 paleae
1827 2596 1948 2637 arcte

542 2658 770 2700 adhaerens
795 2655 1107 2698 maculahilari
1133 2666 1193 2698 eae
1216 2653 1458 2708 aequilonga
1483 2656 1639 2694 notata.

303 2768 355 2812 A.
396 2768 744 2822 Intervagsinales
768 2767 940 2808 Hackel.
966 2792 1019 2796 —
1045 2763 1215 2808 Surculi
1246 2763 1384 2806 foliosi
1417 2762 1762 2817 (innovationes)
1784 2774 1807 2803 e
1830 2775 1944 2815 gem-

243 2830 326 2872 mis
364 2828 708 2884 apogeotropicis
761 2840 813 2868 ex
863 2826 1003 2868 axillis
1053 2825 1304 2877 vaginarum
1354 2823 1607 2864 inferiorum
1665 2823 1948 2863 nascentibus

245 2889 418 2931 oriundi
447 2889 561 2929 intra
597 2887 792 2938 vaginam
828 2885 993 2927 diutius
1039 2885 1346 2937 persistentem
1390 2881 1657 2923 verticaliter
1697 2886 1948 2923 crescentes

244 2946 341 2990 folio
378 2947 583 3000 primario
626 2945 777 2987 lineari
805 2944 982 2996 vaginas
1020 2944 1306 2996 subzequante
1342 2939 1603 2993 incipientes
1642 2943 1684 2981 et
1721 2940 1862 2981 statim
1890 2938 1944 2983 ad

246 3004 343 3049 lolia
369 3007 559 3059 perfecta
579 3003 924 3059 progredientes.
