2089 3246
61 225 225 264 Juncus.
811 231 1029 259 JUNCAOEAE
1706 224 1778 262 353

126 317 167 359 3.
209 314 256 358 J.
290 312 541 370 glaucus
578 312 729 365 (Ehrh.
765 311 899 356 Beitr.
935 313 1007 366 VI,
1045 326 1086 368 p.
1124 313 1199 368 83)
1243 312 1479 356 rhizomatc
1518 313 1775 358 horizontali

65 377 265 429 repente,
304 371 502 416 caulibus
544 371 697 426 rigidis
736 372 962 415 tenacibus
1007 373 1222 416 teretibus
1274 372 1439 414 striatis
1473 373 1637 426 glaucis
1687 376 1775 418 basi

69 433 209 478 nitide
256 431 616 485 fusco-vaginatis
651 431 846 474 medulla
887 431 1349 483 loculoso-interrupta
1396 431 1560 484 sarctis,
1606 434 1777 476 antliela

70 490 411 550 pseudolaterali
449 491 744 544 decomposita
772 491 1092 543 conglomerata
1121 491 1188 532 vel
1230 489 1388 540 eflusa,
1424 490 1637 544 perigonii
1668 497 1780 535 stra-

70 548 523 595 mineo-l'uscescentis
551 549 712 603 phyllis
752 549 1004 592 lanceolatis
1041 548 1320 595 acutissimis,
1354 550 1616 594 staminibus
1645 552 1779 602 senis,

61 611 249 666 capsula
275 609 395 663 nigra
414 607 549 651 nitida
571 608 968 662 elliptico-oblonga
984 609 1140 651 obtusa
1158 610 1412 650 mucronata
1429 607 1652 662 perigonio
1676 610 1779 652 sub-

63 669 315 723 aequilonga
349 674 413 717 36.
436 666 491 708 Ic.
517 666 630 709 Host
657 667 802 710 Gram.
826 667 909 710 tab.
935 668 1004 709 81.
1027 691 1080 698 -
1108 667 1244 710 Rchb.
1268 667 1324 709 Ic.
1345 664 1491 710 Germ.
1519 669 1589 722 fig.
1618 670 1718 711 9022.

117 744 222 780 Hah.
239 743 282 779 in
301 742 449 779 ditione
467 742 546 779 fere
566 742 716 789 ubique
736 753 760 779 a
789 743 948 789 regione
979 742 1159 779 inferiori
1192 742 1240 778 ad
1267 743 1305 778 al
1337 743 1456 789 inam,
1491 743 1647 788 Graecia
1680 755 1779 791 prae-

67 791 207 828 sertim
244 791 285 827 in
327 790 485 837 regione
517 792 708 826 montana
750 793 787 826 et
836 790 950 825 subal
964 823 968 825 .
982 791 1059 834 ina,
1088 789 1255 835 Malevo,
1324 791 1455 834 yllene
1486 790 1672 837 (Orpli!)‚
1692 792 1782 828 AEta

67 838 261 886 (Heldrl)‚
281 837 512 874 Macedonia
531 840 569 872 et
588 837 760 873 Thracia
780 836 927 882 (Sibth.
980 838 1082 883 1·iv.),
1101 837 1218 883 Syria
1235 837 1421 873 littoralis
1442 839 1480 873 et
1502 837 1644 874 Libani
1672 840 1780 884 regio

68 888 262 923 montana
280 887 317 920 et
332 884 548 930 subalpina
567 883 666 927 (Ehr
682 886 691 920 1
710 884 781 920 Bll
801 884 956 930 Gailll),
974 885 1124 920 Pontus
1145 884 1311 921 Lazicus
1330 884 1381 920 ad
1415 885 1655 921 Khabackar
1677 886 1782 922 6000·

69 932 163 977 (Bal
179 933 218 978 !),
232 932 342 968 Meso
372 932 518 967 otamia
533 930 717 975 (Haussk
729 933 769 977 1),
787 931 931 967 Persiae
943 932 1126 967 australis
1138 942 1254 968 mons
1269 932 1426 968 Sawers
1437 932 1544 968 8000‘
1554 933 1733 977 (Haussk
1745 936 1784 980 !),

66 981 275 1017 Caucasus
297 982 334 1015 et
387 979 678 1025 ranscaucasia,
705 977 923 1024 Affghania
942 979 1065 1023 (Griff
1077 981 1120 1025 t).

119 1047 184 1082 Ar.
214 1046 350 1091 Geoqr.
373 1044 534 1091 Europa
547 1044 677 1080 media
698 1046 738 1080 et
756 1044 944 1080 australis
966 1054 989 1080 a
1006 1044 1223 1088 Britannia,
1242 1045 1374 1081 Dania
1395 1049 1434 1082 et
1452 1045 1602 1082 Gothia
1614 1045 1664 1081 ad
1683 1046 1781 1083 Ros-

67 1093 174 1130 -siam
191 1092 376 1138 mediam,
394 1091 544 1128 Sibil-ia
560 1091 730 1138 Altaica‚
746 1091 880 1128 Africa
900 1092 1083 1138 borealis
1102 1092 1278 1128 Madera.

541 1217 553 1229 ·
583 1218 594 1229 ·
620 1214 796 1264 Capsula
814 1216 1042 1263 imperfecte
1060 1217 1309 1253 trilocularis.

135 1329 177 1370 4.
203 1328 252 1371 J.
278 1325 581 1370 filiformis
612 1325 675 1378 (L.
699 1325 773 1382 Sp.
801 1325 906 1382 465)
933 1327 1172 1369 rhizomate
1194 1326 1448 1369 horizontali
1478 1329 1672 1380 repente,
1695 1327 1785 1370 cul-

72 1388 159 1432 mis
196 1386 474 1430 filiformibus
503 1385 725 1428 subtiliter
762 1386 929 1429 striatis
960 1385 1188 1434 fistulosis,
1225 1385 1400 1428 anthela
1443 1386 1783 1441 pseudolaterali

68 1446 289 1490 5-7·flora
311 1445 618 1499 capitulisormi
657 1445 724 1488 vel
758 1446 855 1488 laxe
881 1446 1071 1499 cymosa,
1094 1444 1308 1499 perigonii
1336 1444 1484 1498 pallidi
1507 1445 1668 1499 phyllis
1696 1446 1788 1487 lan-

74 1505 253 1550 ceolatis
297 1503 672 1558 subinaequalibus
709 1504 905 1547 externis
942 1504 1094 1558 acutis,
1132 1503 1394 1547 staminibus
1438 1505 1572 1558 senis,
1610 1504 1788 1557 capsula

74 1565 375 1619 subsphaerica
406 1563 562 1607 obtusa
589 1563 783 1606 breviter
806 1565 1061 1607 mucronata
1085 1563 1308 1617 perigonio
1333 1562 1622 1607 subbreviore
1650 1565 1710 1609 91.
1731 1564 1788 1606 Ic.

77 1623 190 1668 Host
212 1622 360 1665 Gram.
385 1623 472 1665 tab.
500 1623 569 1665 84.
599 1647 658 1653 --
686 1622 820 1666 Rchb.
846 1623 901 1665 Ic.
927 1622 1076 1665 Germ.
1103 1622 1173 1675 fig.
1198 1623 1298 1664 919.

132 1696 238 1734 Hab.
262 1697 303 1733 in
321 1696 498 1733 humidis
517 1696 693 1743 regionis
711 1697 866 1751 alpinaa,
884 1696 1090 1744 hucusque
1112 1697 1153 1732 in
1181 1696 1304 1751 pratis
1332 1697 1497 1752 turtosis
1519 1697 1637 1733 Ponti
1658 1697 1789 1733 Lazici

80 1744 468 1830 ggpglavffihgbackar
482 1744 590 1781 3200'
611 1744 752 1790 (Ball),
778 1747 818 1781 et
842 1755 885 1781 m
909 1745 1087 1781 Caucaso
1112 1745 1413 1792 septentrionali
1440 1745 1511 1789 (M.
1534 1745 1598 1791 B.)
1635 1747 1791 1781 tantum

134 1857 200 1893 Ar.
223 1856 359 1902 Geoqr.
386 1854 547 1902 Europa
573 1854 748 1891 borealis
772 1855 916 1900 omnis,
949 1855 991 1890 in
1024 1854 1251 1901 temperatis
1277 1856 1431 1890 tantum
1460 1853 1630 1901 alpinus,
1657 1852 1792 1889 Gallia

82 1904 126 1940 in
145 1903 328 1950 Alpibus,
349 1902 550 1948 Pyrenaeis
570 1904 607 1938 et
618 1902 828 1938 montibus
848 1903 1066 1944 Arverniae,
1093 1902 1204 1937 Italia
1223 1903 1263 1937 in
1289 1901 1463 1948 Alpibus
1494 1903 1532 1937 et
1569 1901 1792 1948 Apennino,

79 1952 238 1987 montes
258 1950 427 1997 regionis
454 1949 705 1995 Danubialis,
725 1949 882 1996 Sibiria,
898 1950 1082 1986 America
1101 1949 1243 1985 arctica
1262 1951 1301 1985 et
1321 1949 1494 1985 borealis
1514 1950 1554 1984 in
1572 1948 1744 1996 alpibus.

725 2106 752 2158 ἓ
786 2106 824 2147 2.
858 2104 1158 2149 Marstimi.

576 2217 589 2229 ⁸
614 2215 791 2264 Capsula
810 2214 1035 2264 imperfecte
1060 2215 1310 2252 trilocularis.

148 2330 196 2372 5.
222 2326 270 2371 J.
296 2329 511 2371 acutus
538 2324 605 2382 (L.
628 2324 704 2380 Sp.
731 2325 817 2368 463
854 2337 946 2367 var.
975 2324 1045 2380 L.)
1068 2324 1243 2368 caudice
1268 2336 1416 2367 crasso
1444 2324 1676 2378 cespitoso,
1700 2336 1800 2367 cau-

84 2388 211 2432 tibus
247 2386 496 2430 numerosis
535 2385 750 2429 teretibus
788 2385 951 2428 crassis
985 2385 1122 2436 elatis,
1149 2383 1263 2427 foliis
1299 2384 1559 2438 bracteaque
1584 2384 1800 2426 anthelam

89 2449 335 2502 ⁸superante
359 2445 672 2500 pungentibus,
693 2443 868 2487 anthela
890 2444 1226 2497 pseudolaterali
1244 2443 1544 2487 ramosissima
1566 2443 1803 2485 multissorfi

90 2504 312 2550 tasciculis
351 2502 817 2558 cymoso-corymbosis
864 2506 1087 2545 constante
1136 2502 1234 2557 plus
1282 2502 1486 2545 minusve
1530 2501 1801 2555 conglobata,

94 2563 311 2622 perigenii
341 2563 493 2619 pallidi
517 2564 589 2606 vel
614 2563 899 2606 luscescentis
926 2562 1083 2617 phyllis
1099 2563 1293 2605 externis
1310 2561 1559 2605 lanceolatis
1583 2560 1805 2603 obtusius-

91 2624 209 2668 culis
235 2622 421 2666 internis
455 2622 593 2665 ovatis
627 2620 925 2664 obtusissimis
953 2621 1072 2675 apice
1109 2621 1312 2664 scariosis
1339 2620 1516 2673 ret-usis,
1545 2620 1806 2664 staminibus

92 2683 231 2736 senis,
253 2681 429 2736 capsula
448 2683 601 2735 magna
625 2680 951 2734 ovato-globosa
973 2681 1097 2724 acuta
1119 2680 1343 2734 perigonio
1363 2680 1494 2733 duplo
1520 2679 1711 2732 longiore
1741 2681 1804 2724 91.

93 2743 155 2786 Ic.
178 2741 296 2795 Engl.
324 2740 411 2783 bot.
435 2740 519 2783 tab.
551 2741 676 2782 1614.
704 2762 762 2770 —
782 2739 916 2782 Rchb.
944 2739 999 2781 Ic.
1024 2739 1173 2782 Germ.
1203 2740 1274 2794 sig.
1302 2739 1403 2783 894.
1441 2762 1496 2770 -
1525 2738 1575 2780 H.
1614 2736 1809 2780 Heldrei-

92 2799 288 2903 ,ἓΙῖἱαΙτῖῑιῐς
309 2798 507 2902 illigas-on
530 2811 584 2842 ex
607 2799 722 2841 Parl.
747 2799 807 2842 Fl.
835 2799 930 2841 Ital.
958 2798 1010 2851 11,
1030 2811 1070 2852 p.
1100 2799 1198 2841 315.
1227 2823 1273 2829 —
1302 2799 1341 2842 J.
1372 2796 1659 2841 Tommasz‘nii
1694 2797 1809 2840 Parl.

158 2893 165 2901 .
233 2872 286 2902 a.
328 2871 352 2902 o
383 2892 389 2900 .
418 2870 454 2901 ci
479 2890 486 2899 .

114 2926 120 2934 '
153 2932 256 2968 Hab.
276 2933 317 2968 in
340 2931 515 2968 humidis
532 2931 647 2968 salsis
665 2931 873 2968 maritimis
897 2933 936 2968 et
953 2931 1217 2977 interioribus,
1240 2931 1398 2967 Graecia
1429 2933 1467 2966 et
1496 2930 1636 2965 insulae
1662 2929 1812 2974 (Mai-gl

100 2979 284 3026 Heldrl),
303 2979 534 3016 Macedonia
553 2979 716 3026 (Frivl),
737 2980 832 3016 Asia
865 2981 994 3016 minor
1026 2978 1227 3025 (Totum),
1253 2979 1369 3025 Syria
1409 2977 1594 3014 littoralis
1628 2975 1813 3021 mailli),

1626 3040 1673 3076 23
