2062 3314
252 213 297 250 72
969 219 1194 247 GRAmNEAE
1686 207 1908 256 Cynosurus
1918 238 1926 246 .

227 311 251 341 a
278 298 371 340 basi
393 295 628 339 lanceolata
656 295 819 339 sensim
842 300 884 338 et
909 295 1032 348 longe
1054 295 1269 339 subulatis
1290 294 1506 347 glumellae
1534 293 1810 352 aequilongis‚
1837 294 1931 347 glu-

226 357 357 400 mella
398 354 583 406 oblonga
624 358 819 407 superne
861 354 1198 401 scabrida-hirta
1239 351 1359 408 apice
1403 353 1589 395 obscure
1623 352 1844 394 bidentata
1888 356 1932 395 et

226 416 361 458 arista
384 414 536 458 scabra
565 415 615 455 ea
639 413 861 456 multoties
891 413 1084 466 longiore
1109 411 1264 464 obsita,
1293 412 1472 467 spiculae
1509 411 1675 454 sterilis
1710 408 1932 463 glumellis

229 473 511 517 inferioribus
538 471 704 514 dissitis
731 475 914 525 anguste
954 472 1200 516 lanceolatis
1237 472 1360 524 longe
1389 470 1774 513 setaceo-aristatis
1805 481 1936 523 supe-

230 532 422 576 rioribus
450 531 767 585 approximatis
790 531 1017 574 latioribus
1042 531 1224 574 brevius
1250 530 1446 572 aristatis
1475 532 1540 579 O.
1563 528 1604 572 C.
1629 527 1815 580 praeitis
1838 527 1932 571 Viv.

230 592 352 634 Cors.
374 591 526 644 Diagn.
552 591 591 630 3.
621 614 673 620 -
701 589 740 632 C.
767 588 1123 643 polybracteatus
1150 590 1286 631 Gren.
1310 593 1351 630 et
1379 587 1512 631 Godr.
1537 587 1600 630 Fl.
1628 588 1697 630 F'r.
1728 588 1761 641 I,
1784 600 1824 642 p.
1851 587 1935 630 563

230 664 315 694 non
341 651 458 692 Poir.
485 674 536 679 «-
565 649 605 691 C.
633 647 885 701 obliquatas
908 649 1162 691 Link‘Iz'rnn.
1188 647 1323 699 XVII,
1352 648 1452 689 406.

280 725 379 761 Hab.
402 725 441 760 in
459 724 571 759 siccis
590 724 762 769 regionis
782 723 977 759 interioris
996 726 1035 759 et
1052 723 1273 770 praesertim
1291 724 1500 767 montanae,
1518 721 1648 758 Attica.
1666 721 1707 757 in
1732 721 1936 758 montibus

231 772 459 808 Pentelicus
488 771 665 816 (lloissU,
682 771 828 806 Parnes
846 770 989 815 (Heldr
1003 772 1042 815 l),
1065 771 1180 807 Creta
1204 769 1401 815 (Heldri),
1436 769 1671 804 Macedonia
1706 769 1745 805 in
1778 767 1935 804 Athone

232 819 441 864 (Grisebls,
462 818 582 865 Cypri
600 820 755 854 montes
774 818 857 864 (ΚΥ
873 819 908 862 t),
934 820 1087 853 montes
1105 817 1284 863 Smyrnae
1306 817 1489 861 (Boiss!)‚
1510 816 1625 861 Syria
1640 816 1680 851 in
1715 815 1868 851 Libano
1886 815 1937 851 ad

231 867 392 902 Hasrun
423 868 462 901 et
505 865 665 900 deserto
692 865 743 900 ad
771 866 1001 910 Palmyram
1031 865 1153 910 (ΒΗ),
1178 874 1292 899 mons
1324 864 1487 899 Cassius
1518 863 1700 909 (Romi),
1733 862 1937 899 Palestina

231 914 317 959 (Ky
331 915 370 958 l),
390 913 524 948 Persia
545 911 732 948 australis
754 911 804 947 ad
822 912 932 958 Teng
954 912 1060 947 Nalli
1081 914 1118 948 et
1146 912 1324 947 Kaserun
1344 910 1570 955 (Hausskl).

285 979 348 1014 Ar.
368 979 502 1023 Geoqr.
525 976 659 1014 Gallia
681 976 880 1020 australis,
901 977 1118 1022 Lusitania,
1137 977 1334 1023 Hispania
1354 978 1391 1012 et
1414 975 1529 1011 Italia
1549 974 1755 1019 australes,
1768 975 1938 1020 Corsica,

236 1025 434 1071 Sardinia,
452 1024 602 1061 Sicilia.
625 1024 755 1061 Africa
770 1023 956 1070 borealis,
978 1024 1150 1061 Madera.

238 1163 383 1206 Suara
419 1163 470 1205 V.
503 1162 806 1209 EUFESTUCEAE,
839 1187 891 1192 -—
927 1162 1113 1216 Spicula}
1136 1163 1257 1205 varie
1292 1162 1547 1217 paniculatac
1584 1163 1729 1205 rarius
1762 1162 1937 1217 spicatae

322 1223 389 1264 vel
415 1222 625 1276 capitatae.
651 1220 864 1265 Glumella
896 1222 1054 1265 mntica
1089 1222 1156 1264 vel
1179 1222 1298 1277 apice
1320 1225 1394 1265 aut
1418 1222 1500 1265 sub
1524 1223 1643 1276 apice
1660 1221 1852 1265 aristata.

634 1364 652 1382 *
681 1363 871 1399 Glumeua
891 1364 1079 1400 trinervis
1100 1365 1163 1400 vel
1181 1364 1311 1400 rarius
1328 1365 1543 1401 uninervis.

697 1515 932 1565 KOELERIA
966 1515 1100 1577 (Pers.
1129 1516 1226 1579 Syn.
1254 1516 1293 1573 Ι,
1323 1531 1362 1579 p.
1387 1516 1482 1577 97).

297 1647 483 1702 Spicula}
505 1659 526 1687 a
554 1647 686 1688 latere
709 1655 971 1699 compressae
1002 1646 1220 1689 2-5-ssoroe
1250 1646 1442 1689 flosculis
1477 1646 1844 1701 hermaphroditis
1870 1649 1937 1690 vel

237 1719 407 1751 summo
432 1705 694 1748 tabescente.
720 1705 1025 1759 superioribus
1054 1705 1274 1758 stipitalis.
1298 1705 1467 1749 Glnmae
1489 1707 1691 1748 carinatac
1726 1710 1862 1750 acutae
1893 1708 1936 1748 1-

238 1766 456 1809 3·nerviae
480 1765 610 1807 flores
636 1765 947 1817 snbaequantes
972 1765 1036 1806 vel
1058 1764 1381 1807 subbreviores.
1411 1764 1624 1808 Glumella
1648 1765 1838 1808 carinata
1863 1765 1940 1808 tri-

237 1825 387 1869 nervia
426 1824 545 1878 apice
571 1823 731 1877 saepins
753 1823 973 1866 bidentata
1004 1822 1069 1865 vel
1106 1824 1262 1866 mutica
1297 1825 1362 1867 vel
1392 1825 1506 1867 inter
1529 1824 1683 1868 dentes
1707 1828 1781 1867 aut
1811 1825 1939 1878 paulo

235 1884 418 1927 inferius
457 1883 650 1925 breviter
684 1883 862 1924 aristata
893 1883 1027 1924 arista
1066 1885 1198 1925 recta.
1230 1882 1479 1937 Squamulae
1511 1883 1624 1926 binae
1652 1884 1834 1937 integra}
1870 1885 1939 1926 vel

238 1943 484 1988 bidentatae.
523 1941 714 1984 Stamina
748 1942 845 1984 tria.
884 1941 1093 1995 Stigmata
1131 1942 1231 1984 bina
1264 1943 1434 1985 sessilia
1473 1941 1670 1996 plumosa
1702 1943 1940 1985 lateraliter

237 2002 519 2054 emergentia.
558 2000 793 2054 Ca1·)opsis
840 1999 1022 2054 oblonga
1052 2014 1074 2042 a
1115 2001 1249 2045 latere
1288 2013 1540 2055 compress-a
1578 2001 1754 2044 exsulca
1791 2002 1940 2055 glabra

236 2062 404 2103 macula
433 2061 585 2103 lineari
613 2060 822 2102 obsoleta.
853 2084 910 2090 -—
939 2058 1082 2103 Herba
1103 2061 1284 2114 spiculis
1308 2060 1352 2103 in
1380 2060 1621 2116 paniculam
1647 2059 1938 2115 spiciformem

237 2119 479 2174 dispositis,
496 2143 545 2148 —-
578 2119 730 2162 Genus
754 2118 917 2161 Triseto
943 2119 1067 2163 valde
1086 2119 1229 2162 affine.

296 2260 419 2304 secr.
450 2260 478 2301 Ι.
508 2258 894 2304 LOPHOCHLOA,
915 2284 968 2290 -
992 2258 1207 2302 Glumella
1232 2259 1449 2304 bidentata
1476 2263 1519 2303 et
1541 2260 1659 2314 apice
1682 2260 1876 2303 aristata.

897 2318 1073 2373 Species
1104 2328 1273 2361 annuae.

304 2440 336 2479 1.
363 2437 425 2482 Κ.
451 2434 760 2492 phleoides
799 2436 916 2488 (Vill.
942 2436 1112 2490 Dauph.
1137 2438 1189 2480 Ιι.
1218 2450 1263 2491 ρ,
1287 2439 1359 2490 95,
1397 2439 1480 2481 tab.
1503 2440 1544 2486 ⁶2,
1567 2439 1637 2492 fig.
1665 2440 1703 2492 7,
1730 2437 1813 2481 sub
1837 2439 1938 2482 Fes-

239 2495 359 2551 mea)
382 2509 539 2544 annua,
564 2495 719 2538 culmis
742 2496 901 2550 saepius
927 2497 1128 2551 pluribus
1152 2497 1490 2540 ascendentibus
1525 2499 1593 2541 vel
1627 2498 1799 2548 erectis,
1827 2498 1939 2541 soliis

240 2557 443 2598 mollibus
470 2554 708 2596 linearibus
733 2556 874 2608 planis
895 2555 1060 2609 pilosis,
1086 2556 1216 2619 ligula
1234 2556 1486 2599 abbreviata
1502 2559 1716 2605 truncata,
1741 2558 1937 2610 panicula

240 2615 475 2667 spicisormi
504 2613 773 2666 cylindraeea
803 2615 936 2656 densa
965 2625 1079 2667 saepe
1098 2616 1307 2665 lobulata,
1333 2617 1512 2670 spiculis
1530 2616 1767 2663 3-5-ssoris‚
1792 2617 1939 2670 glum-a

239 2674 445 2716 inferiore
473 2673 759 2715 subbreviore
796 2674 1046 2727 angustiore
1079 2674 1314 2716 lanceolata
1356 2676 1585 2729 superiore
1619 2676 1803 2729 oblonga
1841 2687 1939 2718 acu-

239 2733 400 2774 minata
424 2731 617 2774 flosculis
643 2730 843 2774 breviore
867 2735 1053 2785 utraque
1086 2734 1236 2786 glabra
1267 2734 1332 2775 vel
1360 2735 1574 2788 puberulti
1596 2735 1742 2776 carina
1765 2737 1936 2788 aspera,

238 2792 441 2843 glnmella
477 2792 628 2832 villosa
669 2791 731 2832 vel
765 2792 1060 2844 glabriuscula
1101 2793 1422 2847 quinquenervi
1467 2793 1624 2848 saepius
1660 2793 1938 2836 tuberculosa

240 2850 435 2892 breviter
471 2850 688 2891 bidentat-a
721 2862 742 2891 e
781 2850 877 2893 sinu
905 2851 945 2892 in
972 2851 1152 2894 aristam
1177 2854 1226 2894 ea
1252 2852 1414 2905 saepius
1449 2851 1692 2894 breviorem
1717 2851 1936 2894 interdum

240 2908 541 2952 brevissimam
591 2909 631 2949 in
682 2910 874 2951 flosculis
919 2911 1221 2963 superioribus
1263 2911 1511 2956 subnullam
1551 2911 1739 2953 abeunte
1787 2915 1850 2961 O.
1885 2910 1934 2951 K.

237 2967 460 3019 plzleoides
484 2968 605 3009 Pers.
642 2967 746 3022 Syn.
770 2969 802 3019 Ι,
826 2981 864 3022 p.
885 2969 953 3010 97.
976 2992 1034 2999 —
1060 2968 1174 3011 Desf.
1205 2969 1288 3012 All.
1305 2971 1388 3015 tab.
1415 2970 1487 3012 23.
1508 2993 1558 3000 —
1584 2969 1699 3014 Nees
1721 2970 1774 3014 Ic.
1802 2968 1933 3011 Germ

2052 213 2059 354 ξ
