2062 3314
255 249 329 287 672
1006 253 1226 286 dammam.
1594 241 1938 283 Heteranchelium
1947 273 1957 283 .

258 331 492 389 Caryopsis
535 329 751 385 glumellae
789 328 979 372 internae.
1015 328 1244 372 adhaerens
1276 326 1611 383 oblongaapice
1645 328 1897 372 tomentella
1919 333 1964 377 et

258 397 383 436 acute
406 390 625 432 bidentata
650 391 802 431 ventre
830 382 1041 441 profunde
1060 389 1239 430 sulcata.
1256 408 1309 423 -ψ
1332 387 1478 438 Herba
1497 398 1639 434 annua
1663 386 1769 430 facie
1783 386 1960 441 Hordei.

262 474 317 482 -—
346 449 497 492 Genus
524 460 548 490 a
583 446 745 489 Tritico
780 446 960 500 spiculis
995 446 1235 500 dimorpbis
1287 445 1446 498 glumis
1487 458 1510 487 a
1551 445 1746 487 flosculis
1781 445 1963 497 dissitis,

262 507 535 564 caryopsidis
563 506 888 548 characteribus
915 506 1180 548 distinctum.

328 622 363 660 1.
389 617 456 660 Η.
481 615 787 671 piliierum
811 614 1005 670 (Hoehst.
1041 616 1084 657 in
1109 613 1190 668 Ky.
1216 615 1276 669 pt.
1308 611 1374 659 ΑΙ.
1404 622 1498 657 exs.
1526 625 1625 657 eum
1652 606 1967 674 descriptione)

264 688 459 721 annuum
491 675 744 728 pluricaule‚
772 675 926 716 culmis
953 672 1555 726 geniculato-ascendentibus
1585 672 1761 726 pumilis
1790 673 1967 728 foliosis,

265 737 381 779 soliis
405 735 566 788 saepius
590 732 787 786 pilosulis
816 732 1055 775 linearibus
1078 733 1334 774 acuminatis
1367 731 1508 785 planis
1535 732 1841 784 superioribus
1873 733 1966 786 spi-

265 808 357 838 cam
396 806 512 847 saepe
555 792 882 845 superantibus,
929 792 1046 845 spica
1085 792 1270 844 oblonga
1304 790 1681 844 20—25-spiculata
1718 790 1847 833 viridi
1898 791 1968 836 vel

266 852 518 896 violascenti
538 851 687 893 aristis
713 850 1028 904 copiosissimis
1056 851 1179 902 longe
1207 853 1352 893 setosa
1392 849 1582 903 undique
1604 849 1656 890 ad
1679 849 1848 903 glumas
1875 850 1971 903 glu-

266 913 437 955 mellam
460 910 711 953 inferiorem
741 914 783 952 et
805 910 962 952 aristas
990 909 1133 962 patule
1168 908 1572 963 semiusto-hispida,
1601 908 1780 961 spiculis
1809 909 1971 953 sterili-

269 973 351 1014 bus
367 970 420 1012 ad
443 970 565 1011 basin
586 972 629 1011 et
653 973 818 1021 partem
842 969 1118 1021 superlorem
1135 968 1263 1022 spicae
1285 967 1528 1021 praesertim
1557 968 1655 1009 sitis
1682 968 1905 1010 nonnullis
1924 968 1969 1012 in

270 1029 411 1071 media
436 1030 556 1082 spica
577 1027 795 1070 fertilibus
822 1027 1085 1070 intermixtis
1112 1026 1316 1080 glumella
1340 1040 1363 1069 a
1388 1026 1476 1068 basi
1504 1026 1682 1067 dilatata
1704 1028 1830 1078 longe
1862 1026 1972 1070 aris-

269 1090 358 1132 tata
398 1089 608 1141 paleaque
647 1086 779 1139 nulla,
819 1086 1100 1128 flosculorum
1136 1086 1341 1128 fertilium
1377 1086 1584 1138 glumella
1621 1088 1742 1139 parte
1775 1085 1971 1130 inferiori

270 1152 433 1202 praeter
460 1150 576 1189 setas
598 1145 750 1187 crebre
771 1145 1056 1187 verruculosa
1077 1145 1201 1198 longe
1219 1144 1637 1187 attenuato-aristata
1680 1148 1744 1195 Θ.
1777 1143 1904 1187 Jaub.
1929 1147 1972 1188 et

269 1207 343 1261 Sp.
372 1205 436 1251 Ill.
463 1205 536 1248 Or.
561 1204 635 1251 IV,
659 1204 742 1245 tab.
774 1204 873 1246 318.
890 1227 947 1235 --
966 1203 1150 1257 Elymas
1176 1202 1333 1255 pilifer
1356 1202 1532 1246 Russell
1557 1203 1742 1258 Aleppo.

319 1281 422 1316 Hab.
443 1280 484 1315 in
507 1279 639 1323 aridis,
658 1279 774 1314 cultis
793 1278 991 1314 derelictis
1012 1278 1137 1324 Syriae
1152 1280 1191 1314 in
1207 1279 1301 1325 Jugo
1317 1278 1440 1314 Gebel
1456 1277 1611 1314 Baruch
1631 1278 1772 1315 Libani
1787 1279 1972 1318 australis

271 1328 377 1373 (Ball
397 1330 434 1373 1),
453 1326 677 1362 Antilibani
696 1325 954 1372 (Sehlumbt),
985 1325 1197 1371 Caelesyria
1225 1326 1373 1371 (Emi),
1403 1325 1504 1361 circa
1535 1325 1775 1361 Damascum
1802 1326 1974 1373 (Gailll),

270 1375 425 1421 Aleppo
470 1375 565 1419 (Ky.
598 1373 681 1409 130!
714 1373 874 1408 Haussk
887 1374 924 1418 1),
959 1372 1110 1408 deserto
1144 1373 1304 1409 Chabur
1344 1373 1522 1418 Assyriae
1561 1373 1798 1419 (HausskH,
1837 1374 1974 1412 Persia

271 1422 438 1458 australi
453 1421 503 1457 ad
525 1421 683 1456 Sehiraz
705 1424 741 1455 et
757 1420 983 1467 persepolin
1001 1419 1093 1465 (Ky.
1114 1424 1122 1436 ⁸
1138 1420 1198 1456 78!
1215 1422 1251 1455 et
1264 1420 1380 1464 3551),
1398 1420 1551 1456 boreali
1568 1421 1618 1455 ad
1632 1420 1810 1456 Teheran
1828 1422 1972 1467 (Egel).

578 1577 828 1628 Taurinum
866 1578 927 1639 (L.
960 1578 1057 1626 Gen.
1094 1578 1167 1627 99.
1198 1577 1417 1640 speciebus
1452 1578 1661 1639 exclusis).

333 1723 520 1777 Spiculae
552 1721 730 1764 sessiles
758 1719 798 1761 in
828 1719 1030 1762 dentibus
1058 1720 1237 1762 racbeos
1271 1719 1477 1763 solitariae
1503 1719 1666 1762 racliidi
1691 1721 1906 1773 parallelae
1929 1720 1974 1762 3-

274 1783 448 1826 5-ssorae
489 1794 511 1822 a
560 1782 695 1822 latere
740 1790 1002 1832 compressae
1049 1777 1228 1822 flosculo
1267 1779 1498 1832 superiore
1546 1790 1664 1832 saepe
1711 1779 1972 1822 tabescente.

270 1841 442 1884 Glumae
461 1840 573 1882 binae
601 1839 804 1880 coriaceae
827 1841 963 1881 ovatae
985 1839 1054 1881 vel
1081 1839 1279 1891 oblongae
1313 1838 1569 1880 ventricosae
1603 1838 1758 1891 saepius
1793 1838 1978 1892 inaequi-

273 1903 420 1944 laterae
458 1900 660 1941 carinatae
705 1898 824 1950 apice
866 1897 1042 1951 oblique
1081 1900 1294 1940 truncatae
1336 1901 1491 1951 saepius
1529 1898 1600 1939 uni
1634 1898 1703 1939 vel
1742 1897 1980 1941 bidentatae

276 1961 447 2003 mutieae
470 1959 536 2001 vel
564 1957 753 1999 aristatae
777 1956 968 1998 flosculis
997 1957 1235 1999 breviores.
1257 1956 1472 1998 Glumella
1492 1957 1590 2011 plus
1616 1958 1761 1998 minus
1789 1957 1978 1998 carinata

276 2021 447 2062 inferne
472 2016 802 2059 subventricosa
828 2015 946 2068 apice
968 2015 1135 2067 integra
1174 2017 1242 2059 vel
1282 2016 1501 2058 bidentata
1543 2017 1668 2068 longe
1705 2015 1885 2058 aristata
1913 2014 1982 2058 vel

280 2078 436 2121 mutica
464 2076 611 2119 nervis
642 2075 761 2128 apice
787 2086 869 2115 non
901 2074 1249 2117 conniventibus.
1283 2075 1408 2117 Palea
1458 2074 1785 2117 membranacea
1828 2073 1982 2117 bicari-

280 2141 377 2180 nata
405 2137 458 2179 ad
487 2134 656 2177 carinas
689 2133 825 2186 rigide
853 2132 1002 2174 ciliata.
1030 2131 1278 2187 Squainulae
1316 2133 1427 2175 binae
1459 2133 1621 2176 ciliatae.
1646 2132 1851 2186 Stigmata
1881 2131 1981 2175 bina

280 2194 537 2238 subsessilia
595 2192 647 2235 ad
699 2191 821 2234 basin
868 2192 990 2234 floris
1020 2194 1298 2245 emergentia.
1348 2191 1582 2246 Caryopsis
1632 2192 1752 2245 apice
1796 2191 1981 2245 pilosula

280 2254 612 2305 ovato-oblonga
632 2255 786 2294 ventre
815 2252 978 2293 sulcata
998 2250 1083 2292 hilo
1110 2251 1262 2294 lineari
1291 2253 1487 2304 elongato
1512 2252 1631 2305 palea
1656 2251 1821 2293 inclusa
1844 2250 1981 2292 libera

281 2316 349 2357 vel
381 2314 551 2355 adnata.
600 2334 655 2342 -
694 2310 871 2365 Species
912 2321 1062 2352 omnes
1098 2323 1266 2354 annuae.
1311 2334 1363 2341 -
1403 2313 1551 2354 Genus
1585 2310 1816 2363 Ayropyro
1856 2308 1983 2351 valde

281 2373 410 2415 affine
438 2375 481 2414 et
505 2371 557 2412 ab
584 2382 634 2412 eo
655 2369 813 2424 gluinis
839 2373 881 2410 et
905 2369 1113 2421 glumella
1140 2371 1235 2422 plus
1260 2371 1404 2412 minus
1429 2369 1704 2412 ventricosis.
1731 2369 1860 2422 buJus
1883 2379 1984 2411 ner-

283 2432 348 2474 vis
382 2432 502 2486 apice
544 2442 630 2471 non
673 2428 1008 2470 conniventibus
1038 2428 1301 2472 distinctum.
1333 2453 1388 2459 —
1419 2428 1580 2470 Tritica
1603 2428 1644 2469 in
1682 2428 1842 2470 ditione
1867 2427 1983 2470 culta

282 2500 648 2591 (gilinierarenon
673 2499 799 2542 queo·
833 2486 932 2529 Vidi
973 2486 1014 2528 T.
1044 2487 1239 2539 veclyare,
1276 2487 1519 2538 tem-qimam.
1559 2487 1724 2528 durum
1764 2490 1895 2541 atque
1938 2484 1980 2529 T.

312 2561 364 2602 pe
402 2560 488 2590 am.

350 2664 383 2701 1.
406 2661 463 2702 Τ.
489 2669 909 2702 monococcum
931 2658 992 2709 (L.
1017 2658 1088 2712 Sp.
1123 2659 1216 2711 127)
1237 2672 1450 2705 annuum,
1471 2660 1612 2702 culmo
1630 2660 1756 2703 elato,
1773 2658 1986 2702 foliislate

285 2720 538 2766 linearibus,
564 2718 679 2770 spica
710 2718 859 2761 lineari
902 2731 923 2760 a
962 2719 1098 2760 latere
1134 2721 1385 2771 compressa
1416 2718 1598 2760 disticha
1636 2719 1785 2763 densa.
1813 2717 1985 2760 racbide

284 2779 422 2831 fragili
456 2778 608 2831 glabra
642 2778 708 2818 vel
738 2776 1047 2829 glabriuscula‚
1078 2778 1257 2830 spiculis
1289 2777 1485 2830 oblongis
1530 2777 1768 2819 sutrissoris
1806 2776 1987 2819 flosculo

285 2837 493 2879 inferiore
539 2835 669 2877 fertili
700 2835 879 2878 aristalo
913 2837 1047 2878 altero
1082 2836 1200 2889 (cum
1235 2836 1375 2890 adest)
1405 2836 1542 2879 sterili
1575 2836 1752 2880 brevius
1792 2835 1987 2885 aristam,

285 2908 494 2948 supremo
521 2895 692 2936 mulico.
726 2895 884 2946 glumis
919 2895 1262 2947 ovato-oblongis
1299 2900 1423 2937 acute
1457 2895 1705 2937 bicarinatis
1737 2895 1789 2936 ad
1815 2893 1986 2936 carinas

287 2955 453 2997 scabris
483 2954 601 3006 apice
628 2953 860 2995 bidentatis
887 2953 1091 2995 dentibus
1115 2954 1455 3007 triangularibus
1480 2954 1866 3007 subinaequalibus‚
1885 2953 1986 2996 flos-

289 3014 373 3056 culi
411 3013 630 3056 inferioris
666 3012 868 3065 glumella
905 3013 1094 3054 carinata
1132 3013 1241 3054 infra
1274 3013 1439 3066 apicem
1480 3013 1672 3055 breviter
1712 3011 1984 3054 bidentatum
