2062 3314
181 231 228 266 ,⁴30
932 234 1133 261 POTAMEAE
1680 223 1842 272 Ruppz'a
1855 253 1859 258 .

181 323 293 364 gyno
309 311 371 354 eis
390 309 586 364 [MD-plo
602 308 793 361 longiore
817 308 1009 350 suffultis
1042 307 1170 357 2410.
1198 306 1333 348 Rclili,
1359 305 1507 349 Germ.
1527 305 1610 349 tab.
1632 307 1682 348 17
1712 306 1780 360 fig.
1801 308 1870 350 26.

185 394 238 401 -—
268 369 322 412 R.
353 367 577 410 maritima
604 366 649 409 L.
678 367 751 421 Sp.
786 368 866 409 184
892 378 944 408 ex
969 379 1008 420 p.

233 445 335 480 Hab.
365 445 405 479 in
425 444 539 490 aquis
571 443 698 487 salsis,
732 443 988 488 salsuginosis
1016 441 1226 476 maritimis
1254 443 1291 476 et
1311 441 1460 487 stagnis
1490 440 1747 486 salsuginosis
1774 440 1871 476 inte-

183 492 352 528 rioribus
370 492 488 527 totius
513 490 592 526 fere
608 490 779 535 ditionis,
795 489 976 535 Byzantii
998 489 1252 533 (Montbretl)
1280 488 1430 524 Graecia
1450 488 1490 522 in
1511 489 1636 524 Attica
1655 490 1693 523 et
1721 487 1873 534 Cepha-

186 539 295 574 lonizi
314 538 506 583 (Heldrl),
524 537 668 573 AEtolia
691 537 858 581 (Niedlj,
877 547 933 582 pr.
950 538 1045 571 Arta
1060 535 1270 580 (Clarkel),
1288 535 1443 581 Cyprus
1468 535 1602 580 (Kyl),
1631 535 1744 580 Syria
1768 534 1872 570 litto-

186 585 279 621 ralis
320 585 491 629 (Boi-el),
529 584 707 630 Egyptus
743 583 901 618 inferior
937 582 986 618 ad
1024 582 1308 617 Alexandriam
1343 583 1381 617 et
1412 582 1641 617 Damiatam
1676 581 1872 625 [Elii-enh!

187 633 314 676 Siebl)
342 632 522 676 Fayoum
565 631 704 675 (Aschl
741 629 979 674 Schweinsl)
1020 629 1060 664 in
1090 629 1252 664 oasibus
1290 628 1433 664 deserti
1459 628 1599 674 Libyci
1631 628 1872 672 (Schweinfl

185 679 340 724 Aschl),
355 688 465 725 prov.
487 677 707 714 Caucasicis
721 677 772 712 ad
786 677 892 712 Mare
911 677 1078 722 Nigrum
1099 679 1137 711 et
1157 675 1345 722 Caspium
1363 675 1554 721 (Leaen).
1567 677 1683 711 Arab.
1699 675 1871 712 liamoul.

233 742 296 777 Ar.
319 741 452 785 Geoqr.
486 740 644 786 Europa
677 739 806 775 media
839 741 876 774 et
906 738 1102 784 australis,
1136 738 1283 774 Sihiria
1307 737 1717 785 Uralensis‚Jap0nia,
1744 738 1877 774 Africa

186 788 355 823 borealis
376 791 414 823 et
431 787 626 831 australis,
645 787 823 822 America
846 786 1011 821 borealis
1031 788 1069 821 et
1089 786 1283 831 australis=
1309 786 1518 821 Australia.

246 872 285 912 2.
328 870 391 913 R.
429 867 743 912 rostellata
785 868 923 922 (Koch
967 869 1012 911 in
1054 868 1188 910 Relil).
1227 867 1281 910 Ic.
1323 867 1425 910 Crit.
1453 870 1477 910 2
1522 881 1559 921 p.
1586 870 1640 911 66
1674 869 1742 921 fig.
1772 869 1877 922 306)

188 928 385 971 caulibus
425 927 615 969 tenuiter
650 927 924 970 filiformibus
968 927 1293 977 ramosissimis,
1332 928 1442 969 foliis
1467 927 1875 974 filiformi-selaceis,

191 987 446 1041 pedunculis
477 989 574 1039 post
601 986 797 1028 anthesin
827 999 912 1028 non
937 986 1146 1040 elongatis
1175 998 1251 1028 nec
1269 987 1491 1039 spiraliter
1515 987 1654 1037 tortis,
1679 986 1878 1029 anthera-

190 1059 286 1088 rum
312 1046 444 1088 thecis
479 1044 768 1096 subglobosis‚
806 1045 1007 1099 carpellis
1044 1045 1518 1088 ovoideo·semilnnatis
1542 1046 1660 1098 apice
1689 1045 1813 1088 valde
1837 1049 1879 1086 et.

189 1105 362 1159 oblique
385 1104 618 1146 attenuatis
646 1103 871 1158 podogyno
899 1105 962 1147 eis
986 1105 1183 1157 4-10-plo
1218 1105 1410 1157 longiore
1427 1105 1618 1147 suffultis
1655 1110 1716 1151 26.
1742 1104 1874 1148 Βοιὼ.

192 1162 334 1205 Germ.
362 1164 432 1216 fig.
458 1164 592 1205 95-
618 1162 671 1204 Β.
696 1163 921 1204 maritima
944 1164 989 1205 L.
1012 1164 1084 1217 Sp.
1109 1176 1160 1205 ex
1190 1176 1215 1217 p
1253 1168 1295 1206 et
1318 1163 1438 1205 lieri).

238 1236 328 1272 Hal]
364 1236 403 1271 in
430 1235 545 1271 salsis
577 1237 614 1270 et
646 1236 916 1283 salsuginosis,
942 1237 1027 1272 vidi
1047 1247 1097 1272 ex
1117 1236 1305 1282 Argolide
1336 1238 1375 1272 in
1403 1237 1614 1283 paludibus
1636 1236 1686 1272 ad
1702 1237 1880 1272 Lernam.

191 1284 393 1330 (Sprun!)‚
425 1283 539 1318 Creta
581 1282 722 1318 Heldrl
747 1284 901 1331 Egypto
931 1285 981 1319 ad
1021 1284 1302 1319 Alexandriam
1340 1285 1453 1323 (Deli
1480 1284 1663 1319 Letourn.
1697 1283 1805 1330 1352)
1832 1285 1881 1319 ad

191 1331 393 1366 Ros-ettam
428 1330 577 1373 (Ehrb.!
613 1331 838 1376 Letournl),
872 1332 910 1366 in
947 1331 1118 1366 Ossibus
1157 1332 1299 1367 deserti
1344 1331 1480 1376 Libyci
1505 1331 1640 1375 (Em-h!
1667 1331 1882 1366 Schweins!

192 1378 361 1422 Asclisl).
379 1379 480 1413 inter
506 1377 666 1412 Kosseir
700 1379 737 1412 et
768 1378 846 1414 Ras
883 1378 1031 1414 Benass
1051 1379 1316 1424 (Schweinfl),
1343 1379 1490 1413 Arabia
1516 1381 1671 1424 petraea
1695 1378 1744 1414 ad
1776 1379 1883 1414 Mare

193 1425 372 1460 Rubrum
398 1434 518 1471 prope
539 1424 618 1460 Tor
645 1424 793 1469 (Elii-bl
825 1426 991 1461 Arabico
1010 1425 1210 1463 henzislod
1227 1427 1308 1461 sive
1326 1424 1531 1461 kenzaldd.

239 1482 301 1516 Ar.
322 1481 454 1526 Geoqr.
483 1480 649 1527 Europa,
669 1482 799 1517 Africa
822 1481 1007 1527 borealis,
1032 1483 1212 1518 America
1232 1482 1414 1517 borealis.

344 1571 528 1624 Ruppice
555 1570 716 1623 species
736 1571 1024 1624 probabiliter
1048 1574 1166 1615 intra
1194 1573 1375 1615 [litionis
1401 1573 1559 1616 lime'tes
1589 1575 1739 1618 obvioe.

256 1665 305 1706 R.
346 1665 644 1717 Drepanensis
690 1666 782 1707 Tin.
812 1666 853 1708 in
898 1666 1026 1709 Guss
1076 1668 1182 1721 Syn.
1229 1668 1291 1709 Fl.
1341 1668 1421 1710 Sic.
1466 1668 1520 1716 Il,
1547 1682 1587 1722 p.
1621 1669 1740 1723 878.)
1790 1681 1887 1712 cau-

199 1724 312 1766 libus
352 1724 616 1767 tenuissimis
647 1725 971 1772 ramosissimis.
1013 1727 1121 1769 soliis
1163 1727 1417 1770 tenuissime
1450 1728 1630 1771 setaceis
1662 1729 1885 1771 flexuosis

199 1783 454 1837 pedunculis
490 1788 586 1836 post
622 1785 820 1827 antliesin
862 1786 1123 1838 longissimis
1169 1787 1391 1840 spiraliter
1430 1788 1572 1836 torliffi
1607 1787 1885 1830 antlierarum

198 1842 332 1884 lliecis
359 1842 570 1891 ovalibus,
592 1844 792 1896 carpellis
832 1845 1024 1887 ovoideis
1051 1846 1226 1900 oblique
1250 1846 1419 1897 erecliS,
1449 1846 1673 1900 podogyno
1697 1847 1760 1889 eis
1783 1849 1888 1888 4-10

199 1899 268 1954 plo
299 1900 486 1954 longiore
511 1901 702 1944 suffultis
730 1908 790 1949 26.

247 1957 346 1992 Hali.
394 1959 433 1992 in
478 1968 555 2003 reg.
593 1959 881 1996 Mediterranea
924 1962 1050 2006 magis
1092 1961 1326 1997 occidentali
1359 1972 1483 2009 usque
1529 1963 1578 1998 ad
1612 1963 1700 1998 Bari
1734 1963 1889 2009 Apulia·

197 2004 464 2048 (Rabenhorst
476 2008 514 2049 l).

258 2085 306 2127 R.
335 2085 584 2138 braellypus
612 2087 725 2142 (Gay
749 2089 791 2131 iu
818 2089 977 2133 Cosson
997 2091 1093 2133 Not.
1113 2092 1244 2145 plant.
1263 2092 1409 2146 crit.p.
1437 2092 1509 2146 10)
1532 2092 1728 2135 caulibus
1748 2093 1890 2135 tenui-

203 2148 269 2186 ter
285 2145 558 2189 illisormibus
577 2148 904 2201 ramosissimis,
922 2150 1032 2192 soliis
1052 2150 1343 2203 lilil'ormibus,
1358 2151 1612 2204 pedunculis
1632 2156 1728 2205 post
1745 2152 1892 2195 antlie-

202 2203 268 2245 sin
298 2217 381 2246 non
408 2204 617 2258 elongatis
641 2218 718 2248 nec
748 2208 887 2259 tortis,
915 2209 1196 2252 autlierarum
1228 2210 1362 2252 thecis
1399 2210 1892 2264 ovoideo-subglobosis.

202 2263 400 2314 carpellis
419 2264 611 2306 ovoideis
629 2265 802 2319 oblique
822 2268 977 2309 erectis
998 2269 1222 2322 podogyno
1245 2281 1291 2311 ea
1312 2269 1589 2322 vixaequaute
1608 2270 1800 2313 suffultis
1831 2275 1888 2316 26.

247 2327 347 2363 Hab.
369 2329 410 2363 in
425 2339 502 2375 reg.
521 2330 805 2367 Mediterranea
820 2334 946 2378 magis
966 2335 1211 2378 occidentali,
1226 2335 1264 2369 in
1286 2335 1388 2370 Mari
1407 2335 1567 2371 Baltico.

204 2382 449 2466 rogkigtlffliss'
462 2385 522 2468 tD‘
540 2387 759 2423 Ascherson
778 2392 962 2425 caeterum
979 2391 1037 2435 (in
1060 2390 1152 2434 litt.)
1170 2401 1308 2426 omnes
1324 2391 1502 2438 Rappz‘as
1520 2402 1588 2438 pro
1612 2392 1732 2427 unius
1752 2392 1893 2439 speciei

371 2442 408 2466 ia
424 2442 458 2467 ie
480 2460 487 2466 .

660 2532 752 2568 SER.
772 2532 818 2569 ΙΙ.
847 2533 1039 2570 MAmNAE.
1069 2554 1109 2560 —
1139 2535 1260 2571 Maris
1286 2534 1462 2571 incola-‚¹

207 2622 501 2675 cl'llonoclll
539 2626 681 2690 (lisiniq
715 2629 817 2677 Ann.
856 2630 929 2681 not
970 2631 1022 2688 ll,
1065 2647 1104 2694 p.
1148 2632 1223 2682 96.
1252 2659 1317 2666 ——-
1355 2632 1707 2696 Phucasjrostis
1732 2634 1896 2694 major

475 2690 799 2754 Theophrasti
828 2694 993 2743 Cavol.
1022 2697 1177 2745 Phuc.
1214 2701 1400 2748 Ανὲησις
1429 2712 1474 2760 p.
1501 2698 1630 2752 XIII,
1652 2698 1750 2745 tab.
1780 2699 1814 2746 Ι.
1836 2726 1891 2733 -—-

466 2755 820 2820 Phucaqrostis
845 2760 1016 2809 Willd.
1047 2763 1129 2825 Sp.
1158 2763 1236 2811 IV.
1265 2763 1394 2822 649).

268 2860 418 2906 Flores
441 2862 564 2906 dioici
587 2865 709 2908 nudi.
745 2866 876 2910 Masc.
917 2869 1124 2913 Antherae
1169 2871 1192 2912 2
1235 2869 1608 2926 quadriloculares
1650 2870 1898 2924 pedunculo

257 2973 331 3009 ιΑ.
351 2973 397 3009 cl.
424 2977 461 3010 et
478 2984 554 3012 am.
576 2975 642 3011 Ι)ηὲ
661 2976 701 3013 P.
722 2977 942 3016 Asclierson
969 2981 1179 3017 elaborata·
1199 2983 1236 3017 et
1259 2980 1426 3028 benigne
1449 2981 1755 3018 communicatae.
