2062 3314
239 221 311 259 442
975 229 1202 257 GRAmNEAE
1663 217 1930 266 Oplismenus.

242 304 450 349 Ovarium
474 303 684 356 glabrum.
711 301 821 357 Styli
849 304 873 346 2
896 304 1147 347 terminales
1176 303 1380 357 elongati,
1407 302 1607 355 stigmata
1645 302 1842 356 plumosa
1879 316 1933 346 ex

239 364 359 418 apice
400 362 520 404 floris
567 362 843 413 emergentia.
889 361 1123 417 Garyopsis
1165 363 1348 415 oblonga
1398 361 1615 414 glumellis
1654 361 1821 404 inclusa
1854 363 1932 405 sed

243 422 378 464 libera
406 421 491 462 hilo
515 420 568 463 ad
591 420 713 462 basin
743 421 909 463 ventris
936 421 1224 475 punctiformi.
1243 444 1298 451 —
1319 420 1476 463 Herbae
1505 419 1685 472 spiculis
1707 421 1751 462 in
1772 421 1936 472 glome-

243 481 362 523 rulos
399 479 556 521 breves
594 480 663 521 vel
692 479 834 532 spicas
868 491 993 522 secus
1027 480 1139 523 axim
1165 479 1322 522 racemi
1356 478 1563 532 simplicis
1588 478 1836 533 dispositis.
1877 504 1932 510 —

242 538 392 582 Genus
418 551 440 579 a
468 537 632 579 Panico
660 537 860 591 inprimis
884 538 1042 591 glumis
1069 538 1262 581 aristatis
1287 537 1553 580 distinctum.

305 652 340 691 1.
372 649 433 692 o.
473 647 933 692 undulatifolius
972 647 1176 702 (Arduin.
1218 648 1291 702 Sp.
1327 648 1403 691 alt.
1453 661 1492 701 p.
1541 634 1589 690 13
1623 647 1705 689 sub
1746 647 1932 703 Panico)

243 709 448 762 perennis
482 711 599 750 totus
636 707 780 760 patule
807 712 848 749 ot
882 708 1068 750 molliter
1099 708 1311 758 hirsutus,
1342 706 1497 749 culmis
1532 706 1777 748 numerosis
1813 706 1931 749 debi-

240 768 354 810 libus
383 766 744 810 decumbentibus
772 769 891 819 parte
918 766 1113 808 inferiori
1141 768 1359 820 prostrata
1398 765 1697 808 radicantibus
1722 767 1810 807 tota
1837 766 1932 808 lon—

239 826 433 879 gitudine
458 824 635 873 foliosis,
665 823 773 866 foliis
798 825 1256 877 oblongo-lanceolatis
1282 824 1540 867 acuminatis
1565 823 1757 877 margine
1786 824 1927 866 undu-

241 886 338 927 latis
372 884 656 927 inferioribus
688 884 965 926 brevioribus
996 885 1302 938 superioribus
1333 883 1599 936 longioribus
1642 882 1928 933 acutioribus,

240 943 495 997 glomerulis
524 942 846 996 3-5-spiculatis
870 942 1187 985 subsessilibus
1216 941 1498 985 inferIOribus
1533 941 1696 984 dissitis
1733 942 1930 995 superio-

241 1002 361 1044 ribus
386 1003 520 1053 magis
547 1002 859 1054 approximatis
889 1002 1050 1054 spicam
1093 1001 1269 1045 brevem
1306 1002 1598 1055 interruptam
1622 1000 1929 1050 formantibus,

239 1062 307 1102 axi
344 1064 386 1103 et
423 1060 642 1113 pedicellis
682 1060 955 1103 brevissimis
996 1060 1120 1102 valde
1153 1061 1373 1113 setulosis,
1397 1060 1555 1112 glumis
1579 1059 1933 1110 ovato-oblongis

239 1120 415 1162 hirtulis
446 1120 512 1160 vel
535 1118 696 1171 glabris
723 1118 939 1161 inferioris
961 1118 1093 1161 arista
1120 1121 1168 1162 ea
1191 1119 1436 1174 quadruplo
1468 1118 1675 1170 longiore,
1700 1118 1928 1171 superiore

239 1179 283 1220 in
305 1178 482 1219 aristam
501 1181 551 1220 ea
577 1178 744 1230 2-3-plo
773 1173 1006 1230 longiorem
1032 1178 1234 1226 abeunte,
1257 1177 1435 1220 flosculo
1460 1176 1814 1230 hermapllrodito
1834 1176 1927 1218 laevi

240 1241 494 1279 mucronato
536 1238 597 1282 Ql.
643 1235 735 1288 Opb.
786 1235 1134 1286 zmdzclatifolt‘zts
1173 1237 1304 1283 Raem.
1358 1240 1400 1279 et
1440 1234 1540 1278 Sch.
1575 1259 1630 1266 —
1663 1234 1778 1277 Nees
1820 1233 1926 1277 Gen.

237 1294 384 1338 Germ.
408 1295 462 1337 Ic.
486 1318 541 1324 —
570 1294 689 1336 Trin.
714 1294 767 1336 Ic.
792 1295 878 1337 tab.
910 1297 1005 1338 192.
1023 1319 1083 1326 —
1102 1295 1378 1349 Orthopoysn
1405 1293 1753 1346 zondztlatrfolius
1777 1294 1826 1335 R.
1850 1293 1928 1335 Br.

239 1353 374 1396 Rchb.
400 1353 544 1396 Germ.
573 1354 640 1405 fig.
671 1354 770 1395 513.

285 1430 384 1465 Hab.
420 1432 459 1465 in
487 1430 691 1475 sylvaticis
727 1430 903 1465 humidis
932 1433 970 1465 et
997 1430 1045 1466 ad
1073 1431 1157 1466 vias
1181 1431 1388 1466 umbrosas
1419 1430 1532 1466 Ponti
1566 1430 1691 1466 Lazici
1725 1429 1776 1464 ad
1807 1428 1929 1464 Rhize

237 1477 587 1522 (BalfflColchide,
603 1477 800 1512 Abehasia
819 1480 857 1512 et
876 1477 1058 1514 Imeretia
1073 1478 1251 1524 (Ruprl),
1265 1477 1454 1513 Kachetia
1468 1477 1538 1521 (M.
1556 1478 1630 1522 R),
1643 1477 1738 1512 ditio
1754 1476 1928 1522 Talysch

237 1525 285 1559 ad
305 1524 510 1559 Lenkoran
533 1524 739 1568 (Hohenn,
754 1525 889 1559 Persia
913 1525 1080 1560 borealis
1099 1526 1140 1560 in
1159 1525 1285 1571 sylvis
1306 1535 1417 1572 prov.
1434 1524 1581 1561 Ghilan
1605 1527 1641 1560 et
1668 1523 1926 1559 Mazanderan

237 1571 460 1616 (Hausskl).
489 1571 545 1607 Fl.
571 1573 667 1617 Aug.
690 1572 788 1606 Nov.

281 1634 344 1669 Ar.
359 1635 493 1679 Geoqr.
520 1633 700 1669 Helvetia
718 1634 933 1677 Insubrica,
950 1633 1120 1680 Tyrolus
1140 1634 1334 1680 australis,
1358 1634 1472 1670 Italia
1491 1644 1605 1669 secus
1624 1633 1756 1680 Alpes.

405 1786 622 1834 samma
658 1787 721 1845 (P.
743 1786 790 1834 dc
825 1788 868 1834 B.
902 1790 1061 1848 Aurost.
1096 1787 1165 1835 51.
1197 1815 1259 1821 —-
1287 1787 1535 1834 Panicum
1563 1801 1635 1848 sp.
1666 1785 1750 1848 L.).

291 1923 476 1976 Spicula}
495 1935 516 1962 a
540 1921 669 1964 dorso
693 1921 1042 1975 subcompressae
1066 1923 1176 1965 iufra
1202 1923 1397 1976 pelicelli
1422 1923 1771 1965 articulationem
1801 1922 1926 1963 inv-›-

235 1984 354 2025 lucro
391 1982 634 2023 unilaterali
680 1981 826 2023 aristis
875 1981 1171 2023 seliformibus
1219 1982 1430 2024 scabridis
1479 1984 1707 2023 constante
1774 1981 1927 2023 obsitae

235 2042 412 2088 bissorre,
438 2039 613 2082 llosculo
640 2040 845 2082 inferiore
870 2045 1026 2082 neutro
1048 2041 1114 2083 vel
1149 2042 1354 2092 masculo,
1378 2041 1607 2094 superiore
1641 2040 1926 2093 hermaphro-

235 2101 338 2142 dito.
370 2099 535 2141 Glumee
562 2098 672 2141 blnae
698 2099 1036 2141 membranaceae
1072 2112 1269 2142 concavae
1305 2100 1473 2142 muticae
1499 2099 1677 2141 inferior
1714 2099 1925 2141 trinervia

234 2158 436 2212 superior
472 2158 731 2199 5-7-uervia.
784 2157 920 2199 Floris
969 2159 1187 2200 inferioriS
1230 2160 1433 2211 glumella
1481 2158 1730 2200 5-7-nervia
1772 2158 1923 2199 florem

232 2217 634 2270 hermaphroditum
666 2217 942 2270 subaequanS,
970 2218 1088 2270 palea
1122 2218 1263 2259 minor
1292 2230 1389 2260 cum
1430 2218 1638 2260 flosculus
1673 2220 1830 2259 neuter
1859 2219 1924 2259 est

232 2277 444 2319 abortiva.
479 2275 618 2317 Floris
657 2275 999 2328 hermaphroditi
1033 2276 1239 2329 glumella
1277 2280 1318 2317 et
1349 2277 1470 2330 palea
1514 2276 1717 2318 coriaceae
1756 2275 1926 2317 muticae

230 2335 504 2389 subaequales
532 2334 601 2376 illa
630 2335 793 2387 paleam
826 2336 1103 2387 amplectens.
1131 2335 1379 2389 Squamulae
1426 2335 1537 2377 binae
1571 2345 1764 2377 carnosae
1799 2337 1922 2376 trun-

229 2398 331 2435 catae
351 2393 521 2446 glabris.
554 2392 744 2434 Stamina
769 2397 804 2433 3.
833 2393 1039 2435 Ovarium
1065 2394 1280 2447 glabrum.
1307 2393 1417 2447 Styli
1453 2396 1476 2434 2
1517 2393 1770 2435 terminales
1799 2392 1921 2435 elon-

226 2454 327 2506 gati,
372 2454 569 2505 stigmata
620 2453 813 2505 plumosa
859 2464 911 2494 ex
959 2453 1079 2506 apice
1126 2453 1247 2495 floris
1290 2453 1568 2506 emergentia.
1609 2451 1846 2506 Caryopsis
1895 2464 1919 2493 a

231 2513 356 2554 dorso
380 2522 629 2565 compressa
660 2511 878 2563 glurnellis
910 2516 1027 2553 arcte
1055 2512 1221 2554 inclusa
1249 2511 1326 2553 sed
1364 2512 1498 2554 libera
1535 2515 1687 2553 ventre
1715 2510 1769 2553 ad
1794 2509 1921 2552 basin

229 2571 313 2612 hilo
344 2570 616 2623 punctiformi
639 2573 797 2611 notata.
821 2594 874 2599 —
899 2570 1056 2613 Herbae
1082 2571 1261 2623 spiculis
1286 2570 1328 2612 in
1359 2571 1600 2623 panIculam
1621 2570 1916 2623 spiciformem

227 2629 464 2682 dispositis.
516 2629 736 2671 Involucri
796 2629 940 2671 aristae
991 2630 1147 2672 ramuli
1203 2630 1269 2671 vel
1326 2629 1522 2682 pedicelli
1576 2628 1762 2671 abortivi
1819 2638 1918 2670 esse

229 2688 447 2731 videntur.

291 2800 327 2839 1.
364 2796 415 2840 S.
444 2797 657 2852 glauca
687 2796 756 2852 (L.
783 2797 858 2852 Sp.
887 2798 940 2840 83
979 2798 1060 2840 sub
1115 2797 1293 2852 Punico)
1320 2810 1478 2849 annua,
1502 2796 1659 2839 culmis
1687 2795 1919 2838 ascenden·

227 2856 344 2898 tibus
383 2860 452 2898 vel
494 2857 661 2909 erectis,
699 2857 808 2898 foliis
840 2857 1072 2899 latiuscule
1111 2856 1348 2898 linearibus
1380 2855 1638 2898 acuminatis
1684 2853 1913 2903 scabridis,

227 2915 423 2968 panicula
447 2915 682 2969 spicil'ormi
709 2916 843 2958 densa
866 2916 1104 2969 cylindrica
1123 2916 1190 2958 vel
1210 2914 1553 2968 ovato-oblonga,
1577 2913 1792 2956 involucri
1812 2911 1915 2955 setis

226 2974 329 3015 6-102
380 2974 506 3016 luteis
547 2974 723 3028 spiculis
770 2974 984 3029 subtriplo
1022 2974 1288 3028 longioribus
1319 2974 1526 3016 aculeolis
1560 2984 1738 3015 sursum
1777 2969 1917 3013 versis
