2062 3314
161 235 211 271 29ss
910 237 1112 264 POTAMEAE
1669 226 1830 263 Zostera
1841 251 1850 261 .

212 313 312 349 Hah.
332 312 372 348 in
398 311 518 347 maris
537 309 811 346 Mediterranei
830 308 990 343 vadosis
1010 306 1162 342 limosis
1181 307 1219 341 et
1236 306 1410 341 arenosis
1427 315 1553 352 usque
1576 306 1627 342 ad
1648 307 1852 353 profundi-

157 363 283 396 tatem
305 360 327 395 2
347 362 455 394 metr.
475 356 726 393 descendens.
758 356 789 391 E
806 355 954 391 ditione
977 354 1179 399 hucusque
1198 355 1352 388 tantum
1371 352 1455 388 vidi
1475 363 1495 388 e
1513 353 1603 389 sinu
1620 353 1852 399 Smyrnaico

161 408 361 451 (Seetzenl
383 406 465 440 Bal.
484 404 602 449 3931),
620 403 772 449 Egypto
801 403 902 437 intra
925 400 1204 436 Alexandriam
1228 401 1266 435 et
1282 400 1484 435 Rosettam
1515 400 1662 445 (Earn,
1694 402 1733 436 in
1753 402 1854 436 mari

164 454 288 500 Nigro
327 453 374 488 ad
414 462 501 487 oras
549 451 704 485 Tauriae
746 458 865 496 prope
896 447 1061 483 Kertsch
1104 445 1252 491 (Ledeb
1267 448 1295 491 1)
1332 449 1366 481 el
1399 446 1558 482 ditionis
1590 447 1854 483 Dobrudscha

163 501 316 544 (Peters
332 500 374 544 l),
399 500 438 534 in
457 498 555 533 mari
575 496 718 542 Caspio
738 496 788 530 ad
807 495 921 530 Baku
940 498 977 530 et
992 494 1126 529 Enzeli
1153 493 1334 539 (Haussk
1350 495 1388 538 l).
1408 493 1669 529 Probabiliter
1688 495 1729 529 in
1752 496 1852 531 mari

165 547 454 582 Mediterranco
481 544 766 589 vulgatissima.

211 608 321 644 Folia
337 607 425 643 5-30
442 609 537 642 cent.
556 605 672 650 longa
691 604 778 649 ¹l2-2
798 614 891 639 mm.
913 603 1004 647 lata,
1019 604 1162 650 spatha
1178 604 1197 639 1
1223 603 1265 648 ¹s2
1286 605 1391 639 cent.
1414 602 1545 649 longa.

209 673 273 708 Ar.
294 673 424 716 Geoqr.
454 671 601 706 Littora
619 669 737 704 maris
752 667 1027 704 Mediterranei
1047 669 1084 702 et
1101 667 1246 703 Oceani
1263 667 1447 702 Atlantici
1474 677 1598 713 usque
1618 666 1669 702 ad
1701 667 1852 703 insulas

165 719 423 754 Canarienses
459 720 495 753 et
531 716 581 751 ad
607 716 787 757 Scotiam,
822 714 1078 760 Jutlandiam,
1110 715 1288 750 Sueciam
1327 713 1609 749 occidentalem
1625 727 1632 756 ;
1679 714 1720 750 in
1754 717 1853 749 mari

165 765 316 801 Baltico
334 765 381 800 ad
400 775 487 799 oras
506 763 654 807 Damae,
668 763 884 807 Slesvigiae,
911 761 1109 806 Holsatiae‚
1127 761 1300 805 Gedani;
1319 761 1449 797 Africa
1466 762 1652 796 australis
1674 763 1702 808 ἵ),
1723 761 1852 797 insula

164 812 331 847 Nossibe
349 821 468 858 prope
488 810 742 856 Madagascar
759 810 786 854 2⁹,
801 809 996 855 Japonia?

501 948 768 998 POSllJONlA
802 948 963 1010 (lioeniq
1000 948 1106 997 Anu.
1146 950 1231 998 Bot.
1263 948 1317 1005 11,
1354 963 1391 1011 p.
1428 947 1518 1006 95).

224 1102 369 1144 Flores
401 1099 612 1154 polygami
656 1099 775 1141 nudi.
814 1099 915 1141 Flos
950 1099 1087 1141 herm.
1133 1099 1321 1142 Stamina
1363 1100 1402 1151 3,
1432 1100 1626 1142 antherae
1669 1099 1847 1142 sessiles

165 1161 300 1203 thecis
332 1158 580 1201 lateralibus
615 1158 923 1201 bilocularibus
966 1158 1246 1211 longitudines
1280 1157 1626 1201 desliiscentibus
1670 1170 1849 1200 conner-

164 1221 253 1261 tivo
289 1217 498 1261 latissime
529 1217 824 1270 squamiformi
855 1218 1081 1271 separatis.
1123 1217 1272 1258 Polion
1305 1217 1670 1261 conservoideum.
1700 1216 1850 1270 Carpi-

165 1278 282 1319 dium
310 1277 494 1319 unicum.
523 1275 683 1328 Stigma
711 1277 862 1319 sessile
879 1276 1081 1318 stellatirn
1107 1276 1302 1318 incisum.
1327 1276 1516 1318 Ovulnm
1543 1276 1715 1318 unicum
1740 1288 1851 1317 can]-

167 1337 440 1390 pylotropum
491 1334 551 1388 [P]
601 1335 806 1388 placentae
873 1335 1036 1377 laterali
1091 1335 1291 1385 affixum,
1359 1335 1594 1388 mici-opyle
1661 1335 1850 1377 basilari.

162 1395 348 1437 Fructus
372 1393 702 1446 subdrupacens
728 1395 901 1436 demum
926 1394 1227 1446 irregulariter
1250 1393 1491 1436 dehiscens.
1510 1395 1639 1436 Testa
1664 1394 1851 1448 pericar-

163 1455 232 1507 pio
256 1453 424 1506 adnata,
451 1452 585 1494 hilum
616 1452 789 1495 lateralc
816 1453 1048 1495 maximum
1077 1453 1353 1505 impressum.
1392 1453 1582 1506 Embryo
1607 1464 1850 1504 macrorms,

163 1515 369 1566 punctum
397 1512 638 1554 radiculare
669 1511 871 1561 basil-are,
900 1511 1096 1566 plulnula
1117 1511 1290 1563 apicalis
1325 1512 1449 1554 valde
1479 1511 1666 1562 evoluta,
1694 1513 1853 1565 cotyle-

166 1570 276 1613 done
310 1583 332 1612 a
368 1570 481 1613 foliis
508 1571 712 1623 plumulzr
736 1570 934 1613 distincto
958 1571 1094 1612 nullo.
1134 1569 1236 1612 Flos
1268 1582 1398 1612 maso.
1423 1570 1612 1613 Stamina
1639 1573 1679 1613 3.
1705 1568 1852 1625 Carpi-

165 1629 284 1671 dium
308 1630 489 1673 nullum.
515 1653 569 1658 —-
606 1630 761 1671 Herlnc
800 1631 976 1671 marinae
1013 1628 1251 1671 submersae
1288 1629 1617 1672 robustissimae.
1647 1629 1851 1672 Rhizoina

157 1699 360 1730 erassum
404 1689 536 1730 dense
579 1689 842 1742 cespilosun]
883 1687 996 1730 liaud
1045 1689 1346 1731 stoloniferum
1392 1688 1691 1731 abscondit-un]
1740 1689 1853 1730 intra

167 1746 339 1799 vaginas
365 1747 563 1789 foliorum
593 1747 866 1800 delapsarum
888 1759 1072 1800 quarum
1087 1759 1303 1800 supremae
1320 1748 1497 1800 integra}
1523 1748 1723 1790 scariosae
1747 1748 1853 1790 infe-

164 1806 303 1847 riores
320 1809 463 1847 autern
491 1806 531 1846 in
559 1806 690 1848 fibras
709 1806 934 1859 parallelas
952 1806 1266 1860 soluthquare
1285 1806 1471 1848 rhizoma
1489 1819 1584 1849 cum
1613 1807 1719 1860 pede
1737 1806 1853 1861 lepo-

166 1865 261 1905 rino
292 1864 641 1917 comparandum.
668 1865 848 1906 Radices
882 1865 1139 1907 fasciculatae
1170 1865 1338 1908 validze.
1368 1865 1486 1907 Folia
1522 1865 1702 1907 disticha
1737 1866 1853 1918 vagi-

167 1923 308 1965 nanlia
337 1924 500 1976 vaginis
526 1924 702 1976 apertis,
735 1924 942 1966 auriculis
976 1923 1178 1973 minimis,
1212 1924 1342 1977 ligula
1380 1924 1653 1967 brevissima.
1695 1925 1850 1966 lamina

165 1981 249 2023 lato
282 1983 431 2023 lineari
468 1983 586 2035 apice
627 1983 855 2024 rotundam
903 1983 1193 2035 integerrima.
1234 1982 1398 2036 Scapus
1443 1984 1685 2026 terminalis
1731 1996 1851 2026 ramo

167 2044 425 2094 usurpatore
458 2045 690 2094 superatus
732 2042 830 2083 inde
877 2042 1026 2096 spurio
1065 2041 1265 2084 lateralis.
1293 2041 1418 2096 Spica
1457 2043 1691 2095 composita
1730 2045 1776 2084 ut
1812 2046 1855 2085 et

165 2099 341 2152 spicula}
377 2099 560 2142 bracteis
597 2100 762 2153 magnis
801 2101 988 2143 foliaceis
1019 2100 1300 2149 involucrata,
1334 2101 1510 2154 spiculae
1549 2101 1744 2154 cujusvis
1776 2101 1855 2145 ssos

161 2170 359 2200 summus
388 2160 622 2212 masculus,
646 2159 800 2214 reliqui
824 2159 1178 2213 hermaphroditi.
1203 2159 1478 2202 Foecundalio
1503 2160 1777 2213 hygrogama.

227 2269 260 2309 1.
284 2266 348 2309 Ρ.
380 2266 656 2310 Oceanica
691 2268 759 2321 (L.
792 2268 922 2310 Mant.
960 2281 1001 2322 p.
1036 2269 1117 2310 123
1159 2269 1240 2312 sub
1281 2268 1477 2325 Zostera)
1514 2268 1626 2311 foliis
1665 2268 1747 2311 sub
1784 2270 1846 2323 13,

163 2326 342 2379 nervus,
385 2326 563 2379 spiculis
611 2327 803 2377 trissoris,
852 2327 1131 2371 anthei-arum
1181 2329 1430 2371 conneclivo
1483 2329 1606 2381 longe
1655 2328 1852 2370 aristato-

162 2386 305 2427 sructu
350 2384 656 2427 subsemiovali
696 2386 949 2428 olivzeformi
990 2392 1046 2433 26.
1085 2387 1132 2429 P.
1169 2386 1378 2428 Oceamca
1398 2387 1496 2430 Del.
1530 2412 1586 2418 —
1610 2386 1656 2429 P.
1681 2386 1854 2430 Cauh'ni

163 2444 274 2485 Kon.
296 2444 322 2484 l.
344 2445 414 2485 cit.
444 2457 481 2498 p.
511 2445 579 2486 96.
606 2467 663 2474 —
697 2444 898 2487 Caminia
921 2444 1130 2487 Oceanica
1158 2446 1212 2489 D.
1239 2446 1282 2487 C.

211 2517 313 2553 Hah.
334 2518 375 2553 in
392 2518 512 2553 fundo
530 2528 696 2555 arenoso
722 2522 760 2555 et
777 2520 956 2565 lapidoso
987 2520 1107 2555 maris
1132 2520 1404 2556 Mediterranei
1432 2530 1556 2567 usque
1592 2520 1644 2556 ad
1675 2522 1782 2556 metr.
1807 2519 1854 2556 30

160 2565 443 2611 profunditatis
474 2565 715 2601 descendens
737 2567 994 2612 probabiliter
1030 2567 1178 2613 ubique
1203 2568 1492 2613 vulgatissima.
1515 2568 1665 2603 Graecia
1687 2568 1737 2602 ad
1764 2577 1851 2603 oras

160 2612 300 2648 Atticze
319 2612 460 2655 (Ileldr
479 2615 504 2647 l>
528 2613 737 2659 Naupli-ain
752 2614 910 2660 (Berger
924 2616 962 2658 l),
982 2614 1082 2659 Syra
1095 2615 1214 2655 (Raul
1228 2618 1267 2659 l),
1284 2616 1491 2661 peninsula
1503 2615 1634 2650 Athoa
1653 2614 1858 2658 (Griseb.),

157 2659 212 2694 ad
241 2659 535 2703 Adramyttium
560 2660 697 2704 Mysia}
719 2660 972 2705 (Vi1·ehow!)‚
990 2662 1030 2696 in
1051 2663 1141 2696 sinu
1165 2662 1396 2707 Smyrnaico
1425 2661 1854 2707 (1⁴³1·itsch!),AEgyptus

160 2706 211 2741 ad
230 2706 509 2786 &lexamlrianl
531 2707 647 2750 (ΕΜ-ἔ
673 2707 775 2743 Ascli
792 2709 818 2751 l)
838 2707 896 2742 Ex
913 2707 1036 2744 Ponto
1052 2708 1207 2744 Euxino
1226 2719 1303 2745 non
1320 2710 1501 2744 innotuit.
1523 2709 1658 2745 Graece
1682 2707 1852 2755 Phylea'a.

162 2756 242 2788 Ara
258 2765 282 2788 2.
300 2758 475 2788 stenaro.

213 2813 324 2850 Folia
343 2815 393 2849 ad
419 2814 442 2849 ζ)
465 2815 600 2850 decim.
634 2814 752 2859 longa
781 2816 801 2850 7
833 2826 926 2852 nnn.
962 2816 1050 2853 lata.
1083 2818 1144 2853 Ab
1178 2818 1251 2854 hac
1268 2819 1393 2864 specie
1425 2818 1556 2853 differt
1583 2817 1628 2852 P.
1668 2817 1855 2854 austra-Iis

163 2861 290 2896 Hook.
319 2861 372 2896 fil.
395 2862 541 2907 species
563 2863 770 2897 Australiae
790 2865 1062 2910 extratropicae
1084 2865 1245 2911 spiculis
1265 2866 1518 2902 subsexssoris
1547 2865 1659 2910 laxis,
1688 2874 1854 2900 connec-

163 2909 247 2944 ²ivo
267 2909 422 2949 mntico,
445 2909 573 2943 fructu
595 2910 781 2955 longiore.

213 2971 277 3005 Ar.
305 2970 438 3015 Geoqr.
470 2970 578 3006 Mare
600 2971 939 3011 Mediterraneum.
960 2974 1090 3009 littora
1117 2975 1315 3010 Atlantica
1332 2975 1548 3020 peninsulae
1569 2974 1736 3011 Ibericae.
