2062 3314
220 216 301 254 -330
934 223 1238 250 ASPARAGACEAE
1787 213 1925 250 Paris.

539 438 706 485 om).
745 437 1017 485 CXXXV.
1062 434 1628 484 ASPARAGACEAE.

605 568 748 612 Baker
774 568 933 611 Journ.
963 567 1085 611 Linn.
1115 567 1210 611 Soc.
1241 567 1354 619 XIV,
1380 581 1420 622 p.
1447 568 1545 610 508.

288 699 439 742 Flores
462 698 808 753 hermapliroditi
835 699 1118 741 unisexuales
1148 698 1214 740 vel
1240 697 1473 752 polygami.
1500 697 1781 751 Perigonium
1821 697 1934 740 infe·

232 772 333 804 rum
360 758 575 803 sexlidum
597 757 663 801 vel
689 757 979 811 sexpartitum
1007 757 1282 809 coroIHnum,
1306 756 1449 799 rarius
1469 757 1776 810 4-8-partitum
1812 756 1937 810 phyl-

224 821 285 863 2lis
345 818 540 862 externis
582 816 802 870 calycinis.
856 816 1047 859 Stamina
1088 827 1271 859 numero
1307 816 1518 869 perigonii
1560 815 1719 870 phyllis
1750 816 1932 868 aequalia

233 877 507 932 receptaculo
541 878 608 919 vel
651 875 875 930 perigonio
911 875 1093 919 inserta.
1120 875 1328 918 Antherae
1364 874 1427 930 (in
1456 874 1643 928 nostris)
1672 874 1934 918 biloculares

232 938 449 980 introrsae.
482 935 691 978 Ovarium
728 935 914 977 liberum
941 935 1189 977 triloculare
1217 934 1368 976 loculis
1394 934 1466 977 uni
1503 934 1570 976 vel
1609 933 1933 987 pluriovulatis,

231 996 377 1040 ovulis
399 995 556 1047 angulo
578 994 761 1036 centrali
788 994 930 1036 affixis
953 994 1191 1047 anatropis.
1219 992 1329 1046 Styli
1364 995 1377 1035 l
1413 994 1479 1036 vel
1509 993 1550 1034 3.
1578 992 1765 1036 Fructus
1789 992 1937 1034 bacca-

229 1059 304 1099 tus
354 1055 632 1098 indehiscens
669 1053 934 1096 trilocularis
977 1053 1199 1096 interdum
1236 1052 1390 1095 abortu
1441 1052 1740 1095 <1-2-1ocularis
1786 1051 1938 1094 loculis

227 1112 569 1167 «monospermis.
612 1112 785 1155 Semina
819 1112 997 1165 globosa
1037 1112 1105 1154 vel
1149 1112 1349 1165 angulata
1382 1115 1462 1154 aut
1488 1111 1719 1166 triquetra.
1751 1110 1940 1164 Embryo

229 1186 400 1229 parvus
439 1173 482 1215 in
522 1172 704 1214 cavitate
744 1170 978 1215 albuminis
1010 1172 1134 1214 situs.
1164 1195 1218 1201 ——
1251 1171 1404 1213 Hcrbae
1440 1171 1507 1214 vel
1535 1169 1787 1213 suffriitices
1825 1182 1939 1212 nun·

237 1246 368 1287 quam
393 1231 601 1275 bulbosae.

423 1371 501 1414 Tn.
527 1371 557 1412 Ι.
586 1371 871 1414 PARIDEAE.
895 1371 1022 1413 Endl.
1050 1394 1105 1399 —
1132 1370 1414 1422 Perigonium
1441 1369 1753 1424 octophyllum.

927 1430 1036 1484 Styli
1064 1429 1271 1473 distincti.

817 1568 970 1618 PARIS
1006 1568 1068 1630 (L.
1110 1568 1207 1617 Gen.
1243 1567 1370 1628 500).

300 1706 449 1749 Flores
498 1705 860 1760 hermaphroditi.
882 1705 1193 1759 ‘Perigonium
1240 1708 1393 1760 patens
1441 1703 1735 1758 octopliyllum
1787 1703 1948 1756 phyllis

229 1765 435 1809 externis
467 1765 688 1819 calycinis,
729 1765 914 1807 internis
942 1764 1198 1818 petaloideis
1226 1763 1451 1806 interdum
1475 1762 1797 1806 deficientibus.
1838 1761 1950 1804 Fila-

229 1829 383 1867 .menta
422 1829 515 1868 octo
549 1827 732 1877 anguste
761 1824 938 1866 linearia
968 1823 1052 1866 ima
1080 1823 1170 1866 basi
1195 1823 1348 1866 coalita
1383 1835 1518 1876 supra
1555 1823 1781 1865 antllerarn
1816 1821 1949 1875 longi-

238 1884 496 1927 tudinaliter
522 1883 723 1925 adnatam
750 1884 794 1925 in
817 1894 998 1926 acumen
1028 1882 1161 1926 breve
1187 1884 1252 1925 vel
1282 1883 1452 1935 longum
1479 1881 1690 1935 producta
1737 1879 1946 1922 Ovarium

237 1943 428 1986 liberum
458 1943 614 1985 sessile
639 1942 1179 1995 subaugulato-globosun]
1206 1941 1496 1983 4-5-loculare
1531 1940 1684 1983 loculis
1709 1939 1948 1982 biseriatim

242 2002 566 2056 pluriovulatis‚
602 2002 800 2055 stigmata
833 2002 907 2043 4-5
944 2001 1145 2043 distincta
1182 2002 1249 2043 vel
1284 2000 1377 2042 basi
1409 1999 1678 2042 subconnata
1711 1998 1949 2041 filil'ormia.

240 2061 430 2104 Fructus
469 2061 684 2106 baccatus.
719 2061 886 2102 semina
913 2060 1412 2114 subrotundo-elliptica.
1444 2081 1500 2089 —
1534 2058 1692 2101 Herbae
1733 2069 1951 2113 perennes

239 2121 358 2163 >foliis
383 2120 425 2162 in
450 2132 622 2164 summo
640 2120 764 2162 caule
790 2119 1072 2171 verticillatis‚
1101 2119 1339 2161 rhizomate
1365 2119 1575 2172 elongato.

310 2234 345 2275 1.
387 2233 447 2276 Ρ.
491 2231 854 2288 quadrifolia
884 2232 950 2287 (L
983 2231 1054 2285 Sp.
1095 2232 1200 2286 527)
1238 2232 1474 2274 rhizomate
1508 2231 1706 2284 elongato
1758 2233 1954 2283 repente,

238 2293 368 2335 caule
394 2294 520 2336 unico
545 2296 704 2343 erecto,
736 2292 847 2335 foliis
866 2292 1173 2334 terminalibus
1203 2291 1472 2334 verticillatis
1491 2289 1805 2343 subquaternis
1830 2289 1954 2342 ellip-

247 2352 329 2393 tico
367 2352 432 2394 vel
461 2351 977 2394 subrliombeo-obovatis
1015 2350 1109 2392 basi
1147 2351 1343 2393 cuneatis
1380 2350 1501 2405 apice
1538 2349 1731 2391 breviter
1751 2348 1953 2398 mutatis,

249 2411 434 2453 floribus
459 2411 710 2454 tetrameris
733 2409 956 2454 octandris
983 2409 1242 2462 tetragynis‚
1270 2409 1482 2464 perigonii
1514 2407 1672 2463 phyllis
1703 2407 1952 2461 patentibus

247 2471 443 2513 externis
467 2473 494 2512 4
517 2469 740 2512 herbaceis
771 2468 1021 2511 lanceolatis
1047 2469 1200 2518 acutis
1222 2469 1408 2510 internis
1439 2472 1629 2522 quatuor
1652 2466 1954 2509 subbreviori-

247 2529 375 2571 bibus
429 2533 612 2583 anguste
665 2529 908 2570 linearibus
968 2527 1156 2577 flavidis,
1201 2527 1434 2570 filamentis
1478 2529 1593 2569 ultra
1641 2525 1868 2567 anthei-am
1910 2525 1953 2566 in

247 2588 452 2631 subulam
479 2589 648 2641 longam
674 2587 914 2642 productis,
935 2587 1060 2640 stylis
1084 2587 1137 2628 ad
1163 2586 1286 2628 basin
1306 2598 1447 2641 usque
1471 2585 1620 2628 liberis
1645 2585 1794 2627 ovario
1821 2584 1957 2638 aequi-

251 2646 404 2700 longis,
456 2648 677 2689 filamento
706 2647 871 2700 pluries
897 2645 1179 2689 brevioribus
1221 2646 1286 2691 Qt.
1324 2645 1457 2688 Renb.
1485 2645 1631 2688 Germ.
1657 2644 1743 2686 tab.
1773 2644 1875 2686 430.
1901 2666 1959 2673 —

252 2705 372 2759 Engl.
401 2707 492 2749 Bot.
519 2707 603 2748 tab.
633 2707 670 2747 7.

249 2825 266 2870 (
298 2779 408 2872 Hffib)
423 2781 464 2815 in
482 2778 702 2826 sylvaticis,
734 2779 775 2814 in
803 2778 951 2814 ditione
984 2781 1028 2813 ut
1055 2778 1216 2814 videtur
1241 2788 1339 2822 rara,
1371 2777 1499 2813 Iberia
1530 2776 1747 2821 (Homul),
1778 2773 1960 2810 Imeretia

272 2826 334 2861 Gu
382 2855 420 2862 ..

300 2890 364 2925 Ar.
391 2890 524 2935 Geoqr.
545 2890 703 2936 Europa
723 2889 894 2924 borealis
914 2892 952 2924 et
969 2888 1099 2924 media
1117 2888 1355 2924 aBritannia.
1368 2889 1406 2923 et
1416 2886 1682 2924 Scandinavia
1696 2886 1746 2921 ad
1766 2885 1963 2922 Rossiam‚

254 2936 413 2973 Italiam
432 2941 468 2972 et
489 2937 726 2983 Hispaniam
751 2937 972 2982 praesertim
1003 2935 1178 2971 boreales
1197 2938 1234 2971 et
1258 2935 1464 2980 centrales,
1483 2934 1738 2978 Dalmatiam,
1760 2933 1963 2979 regionem

253 2984 543 3028 Danubialem,
565 2983 709 3019 Sibiria
729 2983 930 3019 Uralensis
950 2985 987 3019 et
1005 2983 1169 3019 Altaica.
