2062 3314
227 262 295 299 730
990 267 1141 294 FILICES
1672 256 1914 294 Adiantum.

271 341 471 378 Interdum
489 351 511 376 a
532 341 659 376 forma
678 338 970 385 braehyphylla
988 337 1025 374 S.
1042 336 1246 384 officinalis
1263 347 1364 382 aegre
1393 336 1705 383 dignoscendum
1725 337 1794 373 sed
1816 337 1923 374 fron-

226 389 294 425 des
315 388 514 436 primariae
538 397 692 434 semper
710 386 872 422 latiores
889 387 1016 421 ovatae
1043 385 1237 431 imprimis
1258 384 1562 420 caractei.·isticae.

272 454 335 489 Ar.
355 454 486 498 Geogr.
503 452 711 499 Hispania,
731 450 863 486 Gallia
883 453 920 486 et
940 449 1054 485 Italia
1073 449 1282 491 australes,
1302 449 1437 485 Africa
1452 448 1636 497 borealis,

736 614 994 664 inunum
1027 614 1091 675 (t.
1128 615 1230 663 cen.
1263 612 1416 676 1180).

286 774 382 817 Sori
414 777 667 815 transverse
703 770 874 823 oblongi
908 770 974 812 vel
1018 769 1204 812 lineares
1249 769 1293 811 in
1325 772 1448 822 parte
1481 768 1686 822 suprema
1719 767 1918 811 loborum

226 833 487 887 marginales
533 830 705 873 indusio
752 829 1080 871 membranaceo
1120 839 1216 870 cum
1265 827 1431 870 frondis
1479 827 1673 885 margine
1715 827 1922 870 continuo

221 891 541 947 squamaeiormi
590 888 842 931 semilunari
886 889 1004 930 intus
1037 891 1188 941 aperto
1236 886 1404 929 obtecti.
1456 886 1651 929 Petiolus
1685 886 1909 929 rhizomati

227 951 477 994 continuus.
506 947 700 991 Frondes
727 947 850 990 valde
873 947 1038 988 divisae.

291 1084 324 1123 1.
359 1079 405 1124 A
434 1078 701 1135 Capillus
733 1077 982 1120 Veneris
1007 1076 1074 1131 (L.
1104 1075 1177 1128 Sp.
1208 1076 1337 1130 1558)
1364 1074 1599 1117 rhizomate
1626 1077 1808 1128 repente
1829 1085 1924 1118 ces-

226 1141 366 1196 pitoso
382 1140 594 1194 palmiceo,
609 1137 836 1179 frondibus
855 1136 1103 1189 tripinnatis
1127 1135 1297 1188 petiolis
1317 1134 1522 1177 tenuibus
1542 1137 1644 1176 utet
1659 1133 1798 1175 rachis
1820 1133 1923 1177 ebe-

227 1199 318 1242 neis
344 1198 535 1241 suffultis
554 1196 714 1249 glabris
738 1195 902 1237 teneris
927 1195 1089 1237 ambitu
1119 1194 1201 1235 late
1221 1193 1418 1246 oblongis
1443 1192 1803 1246 tripiunatisectis
1826 1204 1919 1246 seg-

225 1258 382 1300 mentis
406 1255 670 1311 petiolulatis
692 1253 1090 1297 cuneato-obovatis
1114 1253 1422 1306 inaequilateris
1460 1251 1694 1295 lateraliter
1734 1251 1918 1305 integris

226 1317 344 1370 apice
375 1315 659 1357 obtusissime
692 1312 1134 1367 palmatifido-lobatis
1175 1312 1283 1354 iobis
1322 1324 1421 1354 soro
1455 1314 1710 1353 transverse
1747 1310 1917 1353 lineari-

225 1376 408 1430 oblongo
429 1373 687 1420 terminatis,
713 1371 939 1414 sterilibus
964 1371 1149 1414 crenatis
1182 1372 1242 1417 Qt.
1267 1370 1324 1412 lo.
1357 1370 1477 1422 Engl.
1501 1370 1587 1412 bot.
1619 1371 1744 1412 1594.

272 1450 373 1485 Hab.
394 1450 435 1484 in
463 1449 665 1495 speluncis
693 1446 867 1482 humidis
889 1449 927 1482 et
949 1445 1165 1482 stillicidiis
1193 1446 1397 1492 tophaceis
1428 1447 1508 1481 fere
1540 1445 1660 1480 totius
1688 1444 1850 1481 ditionis
1877 1444 1918 1479 in

225 1499 380 1543 regione
399 1496 574 1531 inferiori
600 1506 621 1530 a
642 1495 817 1530 Graecia!
839 1496 876 1529 et
894 1494 1136 1529 Macedonia!
1157 1493 1205 1528 ad
1227 1493 1394 1528 Pontum
1414 1493 1598 1528 Lazicuin
1619 1492 1760 1539 (Ball),
1779 1491 1923 1527 Trans-

226 1545 446 1580 caucasiam
468 1542 608 1587 (Led),
625 1543 798 1577 Persian]
819 1541 1047 1576 orientalem
1068 1541 1209 1587 (Ege),
1225 1539 1487 1585 Babyloniam
1510 1540 1665 1585 (Nost),
1692 1539 1848 1583 Syriam
1881 1541 1920 1574 et

227 1591 479 1635 Patesunam,
501 1589 690 1625 Arabiam
712 1592 887 1635 petream
907 1588 946 1623 in
962 1589 1057 1633 jugo
1086 1588 1275 1623 Sinaitico
1309 1587 1459 1631 (Bove!
1485 1587 1694 1633 Schimp!)‚
1719 1586 1919 1633 Egyptum

225 1639 447 1674 inferiorem
468 1639 507 1672 et
528 1637 699 1672 mediam
722 1636 873 1680 (Boissl
898 1635 1145 1680 Schweinfl).

272 1704 335 1738 Ar.
364 1703 497 1747 Geoqr.
523 1701 682 1747 Europa
703 1700 878 1745 calidior,
896 1700 1036 1735 insulae
1060 1699 1285 1743 Atlantidis,
1307 1701 1440 1735 Africa.
1461 1698 1633 1735 borealis
1652 1702 1691 1734 et
1720 1697 1920 1744 australis⁷

225 1750 504 1792 Turkestania,
524 1749 646 1790 India.
664 1748 779 1783 Nova
794 1747 1017 1793 Hollandia‚
1033 1747 1224 1782 Arnerica.

285 1869 323 1910 Ξ.
351 1867 411 1909 A.
436 1866 835 1921 AEthiopicum
862 1865 929 1919 (L.
959 1865 1032 1919 Sp.
1071 1867 1196 1919 1568)
1215 1865 1450 1907 rliizomate
1472 1869 1668 1918 repente,
1693 1864 1919 1908 frondibus

229 1927 516 1980 &tr-puniatis
554 1925 715 1977 glabris
743 1925 908 1966 teneris
953 1925 1120 1977 petiolis
1162 1924 1299 1978 longis
1326 1925 1503 1968 ebeneis
1531 1923 1724 1967 suffultis
1751 1924 1912 1966 ambitu

226 1986 423 2038 oblongis
449 1985 685 2038 segmentis
726 1984 872 2037 parvis
895 1983 1321 2026 submenibranaceis
1347 1983 1599 2026 orbiculatis
1624 1983 1716 2024 basi
1741 1982 1916 2036 oblique

225 2044 421 2088 cuneatis
448 2044 488 2085 in
526 2042 778 2097 petiolulum
823 2043 1127 2084 tenuissimum
1163 2044 1425 2086 abeuntibus
1461 2043 1652 2095 margine
1689 2042 1916 2095 superiore

225 2105 382 2147 obtuse
405 2107 446 2146 et
475 2103 640 2144 minute
659 2102 812 2143 lobatis
836 2102 945 2143 lobis
973 2103 1133 2144 retusis
1154 2103 1206 2144 ad
1225 2103 1366 2144 sinum
1394 2102 1728 2151 soriferis‚soris
1751 2101 1793 2142 in
1826 2112 1917 2153 seg-

226 2166 369 2206 mento
396 2164 465 2204 3-6
490 2162 893 2215 lineari-quadrans
926 2162 985 2206 21.
1006 2161 1140 2203 llook.
1171 2160 1243 2214 Sp.
1272 2160 1388 2203 Filic.
1413 2160 1498 2203 tab.
1529 2161 1582 2203 77
1609 2160 1658 2202 A.

271 2238 372 2273 Hab.
396 2237 443 2272 ad
465 2247 582 2285 rupes
602 2236 782 2272 madidas
803 2236 1023 2282 Alfghaniae
1046 2236 1094 2271 ad
1117 2235 1303 2272 Chalizan
1324 2236 1493 2281 (Aitch.)

270 2302 407 2338 Habeo
440 2302 639 2347 specimen
673 2301 823 2347 absque
855 2300 1072 2336 collectoris
1101 2302 1138 2336 et
1161 2300 1234 2335 loci
1255 2300 1402 2346 proprii
1430 2300 1666 2336 indicatione
1693 2309 1739 2335 ex
1762 2299 1917 2345 Egypto

223 2351 452 2396 superiore?
469 2349 697 2392 indicatum,
719 2348 852 2383 forsan
869 2348 1029 2383 cultum.

223 2465 236 2497 t
270 2416 332 2468 Ar.
351 2415 484 2460 Geogr.
504 2414 731 2459 Abyssinia‚
746 2417 899 2448 montes
912 2412 1211 2457 Neilgherenses
1224 2412 1358 2458 Indiae,
1374 2412 1507 2448 Africa
1521 2412 1719 2457 australis,
1736 2410 1916 2447 America

240 2472 382 2508 ropica.

283 2581 321 2622 3.
365 2581 424 2624 A.
457 2583 782 2623 venustum
829 2578 959 2632 (Don.
998 2578 1151 2624 Prodr.
1197 2579 1255 2621 Fl.
1291 2578 1398 2631 Nep.
1434 2592 1474 2631 p.
1514 2579 1585 2632 16)
1620 2578 1914 2620 rhizomate....

221 2639 372 2682 fronde
397 2639 520 2691 longe
548 2639 747 2691 petiolata
776 2637 959 2690 oblonga
989 2638 1223 2690 tripinnalzi
1266 2638 1438 2691 petiolis
1463 2637 1652 2687 ebeneis‚
1678 2635 1910 2690 segmentis

223 2699 369 2751 parvis
401 2697 988 2739 membranacco-chartaceis
1021 2697 1183 2749 glabris
1216 2697 1373 2738 subtus
1403 2696 1777 2748 glaucescentibus
1816 2694 1913 2737 obo-

222 2757 546 2799 vato-cuneatis
573 2755 834 2797 brevissime
862 2756 1077 2809 petiolatis
1106 2756 1268 2798 striatis
1296 2757 1490 2808 margine
1517 2755 1744 2809 superiore
1766 2756 1914 2795 rotun-

221 2816 319 2857 dato
348 2815 603 2857 tenuissime
647 2814 1151 2856 serrulato-denticulato
1180 2815 1363 2857 sinubus
1391 2816 1463 2856 1-2)
1492 2815 1720 2861 instructo.
1750 2824 1847 2856 soro
1871 2811 1914 2852 in

223 2885 484 2928 unoquoque
508 2874 605 2915 sinu
632 2874 853 2915 reniformi
880 2873 1055 2915 cordato
1088 2875 1147 2919 Qt.
1172 2873 1227 2914 Ic.
1257 2873 1376 2915 Hook
1402 2873 1474 2926 Sp.
1493 2873 1569 2918 Fit,
1591 2873 1672 2915 tab.
1698 2873 1752 2913 76
1779 2870 1823 2911 Β.

268 2947 371 2983 Hab.
392 2948 432 2982 in
453 2947 579 2993 sylvis
603 2947 827 2993 Affglianife
846 2947 945 2982 inter
965 2947 1155 2982 Chalizan
1177 2950 1212 2982 et
1234 2947 1396 2982 Kaiwas
1415 2947 1560 2991 (Aitch.

267 3013 329 3047 Ar.
347 3012 482 3057 Geoqr.
508 3012 663 3047 Montes
684 3011 803 3046 lndiae
822 3011 1005 3046 borealis.
