2089 3246
85 219 273 257 Phleum.
837 229 1062 258 GRAMROEAE
1731 230 1802 266 433

806 358 818 369 ·
845 357 857 369 ·
882 355 1086 392 Perenniav

152 451 191 492 8.
224 448 324 492 Ph.
365 447 665 491 Boehmeri
699 448 833 503 (Wib.
870 449 917 493 Fl
966 449 1100 493 Wett.
1142 463 1186 504 p.
1229 450 1331 505 125)
1372 464 1564 505 perenne
1603 457 1791 509 cespite-

86 521 206 560 sum,
243 508 479 551 rbizomate
512 506 635 550 brevi
664 508 844 562 fibroso,
895 509 1009 552 foliis
1043 509 1283 553 linearibus
1319 510 1482 563 glaucis
1516 513 1796 568 albo-margi-

85 567 203 610 natis
247 566 474 617 scabridis,
514 565 669 609 culmis
712 567 851 616 elatis,
890 567 1089 622 panicula
1129 568 1367 623 spiciformi
1402 571 1639 624 cylindrica
1671 575 1797 626 longa

86 626 222 670 densa
247 624 420 680 pallida:
442 625 602 678 glumis
627 626 1001 681 lineari-oblongis
1025 628 1250 670 trinerviis
1275 631 1317 669 et
1338 628 1390 669 ad
1415 631 1604 673 carinam
1628 633 1795 675 scabris

86 686 154 728 vel
179 685 373 728 breviter
394 684 548 727 ciliatis
574 684 766 728 breviter
788 687 1259 730 aristeto-mucronatis
1295 688 1489 740 margine
1521 691 1795 734 membrana-

88 755 163 787 ceo
180 744 291 787 infra
315 755 569 787 mucronem
591 743 769 798 oblique
792 747 1008 793 truncata,
1041 746 1247 799 glumella
1271 748 1314 787 et
1346 747 1467 798 palea
1492 750 1637 801 gluma
1671 751 1797 794 tertia

89 807 212 857 parte
233 803 512 846 brevioribus
531 803 700 845 obtusis
733 805 773 850 Ql
799 803 907 847 Host
923 803 1070 847 Gram.
1090 804 1175 847 tab.
1201 806 1270 847 34.
1290 827 1344 835 -
1362 804 1427 847 Fl.
1455 806 1560 849 Dan.
1585 809 1667 851 tab⁴
1694 812 1792 852 531.

90 886 143 893 —
170 862 305 905 Rchb.
329 861 481 904 Germ.
501 862 570 915 fig.
598 862 699 904 487.
723 887 775 892 -
796 862 1005 905 Phalaris
1024 863 1246 916 phleoe‘des
1275 863 1327 905 L.
1360 863 1431 917 Sp.
1461 867 1795 911 six—Pteleum

85 920 369 974 phalaroides
395 921 504 963 Kael.
536 945 586 951 -—
630 920 707 962 ΡΙι.
746 924 1006 964 montanum
1027 921 1070 964 C.
1097 923 1211 965 Koch
1238 922 1360 965 Linn.
1391 922 1507 973 XXI,
1538 940 1578 981 p.
1608 928 1708 969 383.
1736 953 1790 959 —

86 980 165 1023 Pte..
183 979 440 1033 ambiyuum
464 979 634 1022 Griseb.
660 979 732 1035 Sp.
762 980 815 1030 ΙΙ,
839 994 880 1035 p.
902 982 987 1024 463
1002 994 1087 1025 non
1102 983 1208 1024 Ten.
1233 982 1391 1038 (forma
1407 984 1564 1036 glumis
1579 986 1795 1039 glabrius-

78 1038 229 1094 culis).
253 1062 303 1070 —
326 1038 575 1082 Chiloclzloa
594 1038 814 1082 Boehmerz'
840 1040 889 1082 P.
917 1040 971 1083 de
988 1040 1038 1082 B.

133 1114 233 1150 Hah.
263 1115 303 1150 in
338 1114 540 1150 montanis
566 1116 603 1149 et
632 1114 856 1161 subalpinis
884 1116 1007 1161 siccis,
1039 1127 1152 1152 mons
1190 1116 1282 1152 AEta
1318 1117 1562 1154 Phthiotidis
1598 1120 1792 1167 (Heldrl),

83 1162 270 1198 Parnassi
287 1162 394 1207 regio
414 1162 575 1197 inferior
594 1161 735 1205 (Guicc
748 1164 788 1206 ἔ),
813 1162 1047 1199 Macedonia
1067 1163 1228 1208 (Griseb
1242 1166 1281 1210 l),
1300 1165 1535 1210 Byzantium
1559 1168 1625 1202 (ex
1637 1167 1790 1213 sibili),

87 1208 205 1245 vallis
222 1209 363 1256 Djimil
381 1209 498 1245 Ponti
514 1209 642 1245 Laziei
661 1209 766 1246 6000‘
786 1209 1084 1257 (Ball),Tauria
1097 1216 1135 1247 et
1147 1221 1257 1258 prov.
1274 1211 1494 1248 Caucasicae
1510 1213 1611 1258 (Led
1638 1215 1785 1260 Hohl),

143 1275 174 1330 β
203 1275 403 1317 ciliatam
432 1275 604 1319 Griseb.
629 1276 673 1318 in
708 1275 809 1319 Led.
835 1276 898 1318 Fl.
934 1276 1061 1320 Ross.
1094 1301 1147 1310 —
1187 1277 1356 1320 Glumae
1400 1280 1536 1332 magis
1577 1281 1788 1335 elongatae

84 1335 232 1378 minus
255 1335 430 1389 oblique
452 1338 687 1378 attenuatae
711 1339 753 1378 et
791 1336 963 1389 longius
1003 1341 1282 1380 mucronatae.
1309 1363 1365 1368 —
1407 1338 1485 1380 Ple.
1522 1340 1794 1382 serrzclatum

85 1393 224 1437 Boiss.
253 1393 412 1447 Diagn.
443 1393 538 1437 Ser.
562 1393 616 1447 11,
642 1395 681 1445 4,
708 1407 750 1449 p.
783 1396 882 1437 125.
916 1419 973 1427 —
996 1395 1074 1438 Pla.
1104 1396 1315 1452 Kotschyz'
1351 1402 1394 1440 et
1419 1397 1498 1439 Plz.
1537 1397 1793 1441 Velzcchensc

80 1451 337 1566 ggsssfflgs'
365 1477 422 1483 —
448 1451 528 1496 Ph.
554 1453 765 1496 collinum
787 1453 927 1499 Schur
946 1455 1101 1499 Trans.
1135 1481 1191 1489 -
1217 1456 1292 1498 Ph.
1316 1455 1572 1509 ambiguum
1593 1458 1695 1499 Ten.
1727 1458 1787 1500 Fl.

130 1586 229 1623 Hab.
248 1588 289 1623 in
305 1588 418 1624 siccis
438 1588 611 1635 regionis
632 1589 867 1635 subalpinae,
889 1600 1002 1626 mons
1022 1590 1198 1627 Veluchi
1216 1590 1372 1626 AEtoh'ae
1399 1592 1521 1635 (Sam.
1545 1594 1581 1627 et
1616 1592 1791 1636 Guicc!)’

83 1644 198 1670 mons
229 1635 395 1681 Argaeus
417 1636 682 1682 Cappadociae
706 1636 811 1673 6400’
832 1637 975 1683 (Ball),
993 1637 1152 1674 Taurus
1173 1637 1356 1674 Cilicicus
1369 1649 1489 1686 supra
1507 1638 1635 1674 Gulek
1652 1640 1787 1683 (Ball),

74 1681 533 1777 SvstazfftpgltelaesssKyl),
555 1683 732 1720 Libanus
751 1694 874 1731 supra
898 1685 1028 1721 Hadet
1057 1684 1170 1730 (ΒΗ),
1193 1685 1394 1721 Caucasus
1424 1686 1628 1722 orientalis
1663 1686 1786 1723 3600·-

126 1794 222 1831 Haec
241 1795 367 1831 forma
387 1795 593 1832 manifeste
611 1796 652 1831 in
673 1798 816 1842 typum
834 1797 1031 1833 transiens
1058 1807 1103 1833 eo
1126 1799 1373 1844 frequentius
1392 1799 1432 1833 in
1451 1798 1601 1833 ditione
1621 1800 1787 1834 occurrit

80 1845 200 1888 atque
235 1843 275 1878 in
310 1842 458 1888 Serbia,
495 1843 662 1889 Banatu,
697 1844 1004 1890 Transylvania.
1036 1845 1319 1892 montibusque
1364 1845 1486 1880 Italiae
1525 1845 1713 1881 australis
1750 1849 1787 1882 et

81 1889 226 1925 Siciliae
256 1900 417 1937 quoque
445 1890 701 1935 observatum
739 1892 839 1927 inter
867 1891 938 1927 Ph.
968 1890 1171 1928 Baehmerz'
1195 1896 1234 1928 et
1265 1892 1337 1928 Ph.
1363 1891 1539 1929 Mz'clzelc'z'
1559 1894 1635 1929 sere
1663 1894 1784 1928 inter-

79 1935 209 1973 media
239 1937 307 1972 sed
338 1938 459 1984 priori
483 1937 535 1973 ob
559 1939 780 1984 marginem
809 1939 1158 1975 membranaceum
1185 1939 1411 1986 glumarum
1438 1940 1600 1987 oblique
1631 1943 1783 1976 trunca-

75 1988 164 2020 tum
193 1986 230 2019 et
260 1984 336 2020 sub
373 1995 562 2021 mucrone
598 1985 816 2021 evanidam
851 1996 921 2022 nec
954 1989 998 2022 ut
1024 1988 1064 2022 in
1104 1986 1178 2023 Ph.
1205 1986 1381 2023 Mz'elzelz'z‘
1406 1998 1532 2033 usque
1556 1987 1604 2022 ad
1636 1989 1786 2033 apicem

77 2031 276 2067 mucronis
295 2033 445 2068 sensim
476 2035 725 2069 attenuatum
758 2033 1071 2069 adnumeranda
1104 2034 1349 2080 Alopecarus
1368 2034 1594 2080 crypsoz'cles
1633 2034 1784 2070 Griseb.

79 2078 210 2125 Spicil.
229 2078 277 2123 II,
307 2090 344 2125 p.
369 2079 440 2114 466
467 2082 515 2115 ex
538 2081 757 2126 specimine
790 2082 922 2127 typico
955 2081 1129 2117 herbarii
1162 2081 1467 2118 Grisebacbiani
1501 2092 1524 2116 a
1554 2082 1598 2117 cl.
1636 2081 1784 2117 Hackel

79 2125 304 2161 examinato
325 2128 386 2162 est
403 2129 533 2162 status
557 2127 669 2163 Phlez
689 2126 896 2164 Baelcmerz'
909 2128 1013 2164 Wib.
1032 2129 1113 2165 ictu
1133 2130 1278 2164 vermis
1294 2139 1341 2164 ex
1361 2129 1498 2165 ordine
1518 2129 1780 2164 Nematodum

73 2172 340 2219 (Anyuiliulae
361 2173 613 2220 Phalaridis)
635 2175 773 2210 ovaria
803 2175 1011 2211 incolentis
1042 2176 1310 2212 deformatus:
1334 2176 1515 2212 ovarium
1535 2180 1571 2211 et
1590 2176 1783 2221 glumella

80 2222 172 2256 tunc
185 2223 380 2266 augentur
400 2224 438 2257 et
463 2221 622 2268 glumas
649 2222 765 2257 valde
782 2225 979 2269 superant.
1003 2223 1097 2259 Haec
1113 2225 1386 2259 monstrositas
1402 2234 1449 2258 ex
1467 2223 1510 2258 cl.
1534 2222 1685 2258 Haekel
1713 2224 1781 2269 qui

77 2267 178 2303 mihi
198 2267 300 2303 hanc
321 2271 455 2304 notam
476 2269 643 2316 benigne
663 2271 930 2306 communicat
950 2271 989 2306 in
1016 2273 1154 2306 eadem
1177 2271 1306 2317 specie
1328 2281 1376 2306 ex
1403 2270 1555 2315 Suocia,
1570 2271 1786 2306 Germania

76 2313 280 2361 Rhenana,
301 2314 418 2351 Italia
431 2317 649 2363 superiore,
672 2317 862 2363 Caucaso,
883 2327 1044 2365 quoque
1067 2319 1249 2354 occurrit.

124 2379 188 2415 Ar.
209 2379 343 2425 Geoqr.
363 2379 524 2428 Europa
542 2381 673 2418 media
697 2385 735 2418 et
755 2383 960 2419 orientalis
978 2393 1001 2418 a
1021 2383 1291 2419 scandinavia
1314 2383 1363 2418 ad
1392 2383 1585 2428 Rossiam,
1611 2382 1782 2418 Turkes-

73 2426 196 2471 tania,
215 2427 364 2464 Sibiria
383 2429 526 2464 omnis.

136 2512 177 2554 9.
215 2510 313 2554 Ph.
353 2511 613 2556 Micholii
643 2513 745 2567 (All.
770 2513 873 2556 Ped.
898 2513 954 2565 ΙΙ,
984 2526 1024 2568 p.
1055 2514 1157 2566 ⁰238)
1181 2526 1389 2568 perenne,
1422 2514 1657 2556 rbizoniate
1681 2514 1784 2556 eub-

74 2574 258 2625 repente
281 2571 471 2616 stolones
498 2571 655 2615 breves
679 2573 849 2627 edente,
878 2573 1035 2616 culmis
1053 2573 1176 2617 elatis
1201 2573 1383 2624 foliosis,
1414 2573 1524 2616 soliis
1553 2573 1782 2614 latiusculc

78 2627 317 2672 linearibus
340 2631 478 2673 acutis
498 2632 694 2685 margine
719 2632 1033 2683 subscabridis,
1058 2632 1258 2686 panicula
1284 2632 1519 2686 spicisormi
1543 2631 1780 2684 cylindrica

73 2687 318 2732 laxiuscula
357 2693 399 2733 et
435 2689 527 2732 basi
563 2701 677 2746 saepe
715 2691 1064 2746 subinterrupta‚
1087 2690 1245 2744 glumis
1278 2691 1503 2734 triuerviis
1530 2689 1782 2750 lanceolatis

76 2747 238 2790 sensim
266 2749 500 2792 attenuatis
526 2750 909 2793 acuminatissimis
937 2751 1064 2793 hirtis
1091 2751 1237 2792 carina
1260 2751 1383 2803 longe
1407 2750 1560 2792 ciliatis
1594 2753 1781 2801 auguste

76 2805 696 2862 membranaceo-margiuatis,
720 2810 926 2862 glumella
956 2813 999 2852 et
1026 2809 1148 2863 palca
1174 2810 1317 2862 glumfi
1353 2809 1480 2851 tertizi
1526 2812 1646 2861 parte
1686 2807 1782 2860 brc-

74 2863 271 2908 vioribus
305 2867 346 2913 Ql
377 2865 511 2910 Rchb.
543 2865 690 2910 Germ.
714 2868 782 2921 sig.
811 2869 909 2911 488.
935 2893 993 2898 -
1016 2867 1094 2911 Ple.
1117 2866 1455 2920 phalaroideum
1484 2867 1581 2909 Vill.
1608 2866 1778 2919 Dauph.

70 2923 120 3023 ἒ
149 2937 198 3024 lp.
251 2926 320 2968 60.
375 2949 429 2955 -
478 2925 558 2969 Ph.
608 2927 888 2980 cuspidatum
942 2927 1093 2969 Willd.
1155 2950 1211 2958 —
1263 2925 1473 2968 Phalaris
1525 2924 1678 2978 alpina
1729 2925 1779 2966 D.

186 2983 210 3025 l.
232 2983 306 3027 Fr.
