2089 3246
117 209 326 247 Panicum.
851 217 1077 244 GRAMINEAE
1748 213 1820 249 437

117 293 227 338 foliis
259 290 498 335 linearibus
536 289 746 343 elongatis
778 292 1050 342 acuminatis,
1093 292 1259 346 vaginis
1303 293 1587 336 inferioribus
1622 295 1818 341 dilatatis

119 351 382 408 patentibus,
408 361 577 393 racemo
625 349 844 392 termiuali
887 352 1074 405 simplici
1122 352 1367 394 unitaterali
1401 352 1531 406 spicis
1575 354 1817 399 linearibus

116 423 243 455 secus
264 410 482 453 racbidem
509 421 593 451 non
615 408 836 451 dilatatam
872 410 1055 453 alternis
1088 411 1402 464 approximatis
1429 411 1749 457 subsessilibus
1775 420 1816 458 ct

114 471 152 514 ei
182 469 406 524 adpressis
437 471 678 514 constante,
719 467 900 521 spiculis
943 481 1070 512 secus
1102 471 1233 523 spicae
1274 469 1492 528 racliidem
1518 483 1815 526 compressam

114 530 527 581 setuloso-asperam
568 525 765 570 breviter
804 527 1076 581 pedicellatis
1122 528 1360 571 biseriatim
1398 529 1635 572 imbricatis
1674 534 1816 575 ovatis

115 588 293 631 minutis
317 586 518 640 turgidis,
541 585 702 639 glumis
741 587 1084 630 membranaceis
1127 588 1337 631 inferiore
1374 588 1457 629 iate
1483 590 1667 633 obovala
1692 595 1815 633 trun-

113 649 205 690 cata
228 632 422 689 flosculis
445 645 693 700 quadruplo
716 644 919 688 breviore
943 646 1193 697 subenervi,
1222 647 1452 700 superiore
1490 649 1683 691 ssosculis
1713 651 1814 692 sub-

114 706 315 750 breviore
348 704 672 758 quinquenervi
716 703 884 747 flosculi
924 706 1146 749 inferioris
1177 706 1360 748 masculi
1384 707 1592 758 glumella
1623 713 1665 750 et
1690 711 1814 762 palea

113 764 452 808 membranaceis
476 764 551 805 illa
566 764 724 817 glumae
744 764 963 817 superiori
983 765 1111 807 simili
1136 765 1214 807 sed
1241 765 1523 818 sublongiore
1542 770 1584 809 et
1604 769 1811 815 acutiore,

112 826 234 879 palea
257 824 329 867 vix
352 823 621 877 angustiore,
647 822 816 865 flosculi
841 824 1188 878 hermapliroditi
1216 825 1421 878 glumella
1446 829 1491 867 et
1520 827 1644 879 palea
1678 828 1815 869 coria-

110 884 197 927 ceis
233 882 431 935 oblongis
465 882 746 924 acutiusculis
778 883 839 929 ΩΙ.
867 883 916 924 P.
953 885 1209 925 truncatum
1247 883 1366 925 Trin.
1395 883 1509 927 D1ss.
1547 885 1599 936 ΙΙ,
1638 899 1675 939 p.
1718 888 1811 928 130.

109 942 226 985 Icon.
257 941 345 984 tab.
378 942 458 983 168
487 953 570 983 non
595 939 722 984 Nees.

156 1015 259 1051 Hah.
298 1014 339 1050 in
374 1015 493 1050 fossis
530 1016 568 1049 et
603 1014 653 1050 ad
689 1014 847 1050 canales
884 1014 1032 1061 Egypti
1078 1016 1129 1051 ad
1169 1016 1454 1052 Alexandriam
1497 1017 1644 1060 (Auchl
1687 1019 1814 1054 Gaill!

109 1062 335 1099 Schweinfl
357 1062 529 1098 Letourn
544 1063 585 1107 l),
604 1062 654 1097 ad
674 1062 903 1098 Damiatam
924 1063 1155 1108 (Ebrenbl].
1175 1064 1225 1099 ad
1249 1063 1438 1099 Kahiram
1473 1064 1592 1108 (Sieb.
1624 1076 1705 1101 exs.
1736 1067 1814 1101 sub

109 1109 153 1146 P.
175 1109 404 1154 colonum&
423 1110 464 1144 in
490 1108 666 1144 Oasibus
688 1109 928 1154 (Ascherson
943 1112 950 1146 1
968 1110 1036 1146 591
1055 1112 1062 1145 l
1085 1114 1122 1146 et
1140 1110 1233 1146 2411
1254 1113 1292 1157 t).

154 1177 188 1211 A
210 1174 253 1211 P.
275 1173 493 1219 obtusifolz'o
511 1175 659 1210 racemi
677 1174 835 1210 rac-hide
867 1185 947 1210 non
979 1175 1154 1221 dilatata,
1185 1177 1350 1223 spiculis
1386 1177 1607 1213 minoribus
1644 1178 1814 1225 turgidis

107 1224 227 1270 spicae
247 1222 408 1258 rachide
425 1221 766 1268 setuloso-aspera
786 1221 899 1258 facile
919 1223 1263 1269 distinguendum.

154 1289 216 1324 Ar.
237 1288 372 1334 Geoqr.
394 1286 622 1333 Abyssinia‚
639 1287 764 1333 India,
791 1287 1015 1336 Mauritius,
1033 1289 1225 1325 America.

164 1399 205 1441 9.
230 1398 287 1441 P.
310 1397 564 1442 fluitans
590 1397 718 1452 (Retz
751 1398 852 1442 Obs.
888 1398 966 1448 ΙΙΙ,
996 1412 1035 1453 p.
1074 1399 1121 1449 8)
1146 1411 1338 1453 perenne
1373 1400 1550 1444 fluitans
1587 1400 1810 1455 glabrum,

108 1458 262 1502 culmis
287 1457 456 1501 inferne
479 1457 533 1500 ad
558 1457 696 1500 nodos
722 1458 1034 1511 amicantibus,
1053 1459 1167 1500 foliis
1186 1459 1425 1501 linearibus
1448 1460 1661 1513 elongatis
1685 1460 1811 1513 longe

104 1517 374 1564 acuminatis,
410 1517 579 1570 vaginis
621 1517 906 1560 inferioribus
957 1517 1159 1568 dilatatis,
1215 1519 1399 1561 racemis
1439 1519 1481 1561 in
1518 1520 1659 1561 culmo
1694 1530 1812 1574 saepe

105 1575 307 1631 pluribus
347 1576 574 1629 elongatis,
623 1576 755 1630 spicis
804 1574 1044 1620 linearibus
1088 1577 1250 1631 saepius
1299 1578 1514 1631 elongatis
1561 1579 1604 1620 in
1647 1579 1810 1622 racemi

104 1635 279 1678 raebide
302 1648 386 1678 non
412 1636 589 1678 dilatata
617 1635 846 1679 sessilibus
887 1636 1016 1690 eique
1039 1636 1264 1690 adpressis
1289 1637 1497 1680 solitariis
1522 1637 1811 1681 inferioribus

103 1694 398 1744 distantibuss
423 1694 604 1750 spiculis
648 1706 776 1737 secus
820 1696 951 1749 spicae
995 1696 1216 1738 racliidem
1263 1708 1559 1749 compressam
1609 1697 1806 1748 glabram

103 1754 249 1796 rarius
271 1754 464 1807 margine
495 1754 744 1807 asperulam
762 1754 961 1796 bifariam
986 1755 1226 1798 imbricatis
1252 1755 1480 1798 sessilibus
1506 1755 1810 1799 ovato-oblon-

101 1813 166 1867 gis
195 1813 333 1856 acutis
369 1812 736 1866 subcompressis,
763 1813 924 1867 glumis
964 1814 1308 1857 membranaceis
1344 1814 1551 1857 inferiore
1597 1815 1801 1858 truncata

104 1871 364 1915 brevissima
400 1872 633 1926 superiore
671 1872 743 1915 vix
778 1873 971 1926 longiore
995 1873 1231 1916 orbiculari
1260 1875 1385 1916 ovata
1416 1874 1589 1921 obtusa,
1623 1875 1808 1917 ssosculo

103 1931 310 1974 inferiore
342 1931 395 1973 ad
417 1931 668 1985 glumellam
695 1931 1070 1976 membranaceum
1104 1932 1304 1975 clevatim
1345 1933 1597 1976 trincrviam
1631 1937 1804 1976 ovatam

98 1993 265 2033 acutam
286 1991 481 2043 reducto,
508 1990 678 2033 flosculi
703 1991 1049 2045 hermaphroditi
1086 1992 1331 2042 glumellam
1358 1996 1557 2035 neutram
1586 1992 1806 2046 aequantis

98 2048 303 2101 glumella
325 2053 368 2092 et
397 2050 518 2103 palea
539 2050 744 2093 coriaceis
771 2051 1116 2104 ovato-oblongis
1138 2051 1277 2093 acutis
1303 2052 1523 2105 rugulosis
1560 2054 1620 2099 ΩΙ.
1640 2052 1687 2094 Ρ.
1715 2050 1807 2092 bri-

101 2108 246 2150 zoides
273 2108 379 2152 Retz
397 2108 500 2151 Obs.
526 2108 592 2160 V.‚
621 2122 659 2163 p.
692 2110 742 2152 18
767 2113 810 2152 et
834 2110 990 2152 Willd.
1008 2111 1080 2164 Sp.
1107 2110 1136 2160 1,
1162 2111 1262 2159 338,
1288 2123 1375 2153 non
1403 2110 1531 2152 Linn.

145 2191 249 2228 Hab.
269 2192 307 2227 in
327 2203 348 2228 a
382 2192 442 2228 uis
455 2194 494 2228 et
511 2193 688 2238 fossis‚in
708 2193 867 2239 Egypto
888 2193 1119 2238 indicatum,
1137 2193 1206 2229 sed
1228 2194 1363 2228 omnia
1382 2194 1601 2239 specimina,
1617 2203 1707 2240 quae
1721 2193 1807 2228 vidi

99 2237 144 2274 P.
164 2239 352 2287 paspaloi
401 2251 442 2276 m
461 2240 623 2284 sistunt;
650 2239 907 2286 probabiliter
924 2241 965 2276 in
984 2240 1200 2286 Affghania
1220 2243 1258 2276 et
1279 2240 1517 2276 Belutschia.

145 2303 195 2340 Se
228 2315 248 2340 e
275 2315 365 2340 cum
400 2305 448 2341 P.
517 2304 724 2352 aspat'oz'de
765 2307 804 2341 et
846 2316 935 2341 cum
964 2305 1009 2341 P.
1069 2306 1187 2342 avido
1214 2305 1318 2341 Retz.
1338 2320 1381 2338 z
1417 2305 1458 2341 Ρ.
1488 2305 1661 2341 ὐνιέηὶίε
1697 2305 1807 2351 Jacq.

97 2349 177 2387 Ecl.
214 2351 241 2398 I,
258 2354 281 2387 t.
303 2351 336 2388 2.
355 2352 463 2388 Trin.
500 2362 543 2397 c.,
563 2353 641 2388 tab.
673 2352 753 2398 158,
778 2353 998 2398 confusum,
1043 2354 1142 2389 acilo
1173 2353 1419 2398 dignoscitur
1451 2353 1614 2399 spiculis
1636 2363 1658 2388 a
1686 2352 1808 2388 dorso

97 2400 345 2445 compressis,
370 2399 532 2436 flosculo
558 2400 743 2436 interiore
765 2400 1023 2446 unipaleaceo
1045 2404 1200 2447 neutro,
1231 2400 1379 2446 glumis
1406 2401 1569 2436 minutis
1603 2400 1807 2446 saboequi-

99 2444 163 2482 lon
195 2448 242 2483 is.

145 2456 208 2548 ἐκ
225 2512 358 2557 Gooqr.
377 2511 489 2548 India
506 2512 735 2559 subtropica
754 2512 794 2548 in
815 2511 1141 2559 Pentapotamide
1163 2514 1201 2548 et
1224 2512 1386 2559 tropica.

158 2620 226 2665 10.
251 2623 308 2666 Ρ.
333 2623 689 2668 eruciforme
712 2623 856 2678 (Sibtb
883 2626 926 2667 et
954 2623 1042 2667 Sm.
1066 2623 1221 2666 Prodr.
1251 2624 1283 2671 I,
1315 2637 1339 2678 p
1384 2625 1452 2666 40.
1483 2648 1533 2654 -
1562 2622 1622 2664 Fl.
1660 2621 1797 2664 Graec.

98 2680 129 2734 Ι,
156 2681 243 2726 tab.
269 2682 343 2738 59)
368 2695 564 2726 annuum
583 2684 869 2736 cespitosum,
896 2684 1052 2726 culmis
1071 2683 1238 2725 inferne
1259 2684 1444 2726 ramosis
1472 2686 1514 2726 et
1534 2682 1804 2737 geniculatos

96 2740 450 2793 ascendentibus,
473 2742 641 2796 vaginis
667 2742 868 2797 foliisque
898 2742 1086 2786 molliter
1115 2742 1545 2796 pubescenti-pilosis
1570 2742 1685 2784 bisce
1703 2741 1804 2782 bre-

96 2800 226 2843 vibus
252 2801 501 2854 patentibus
527 2801 754 2845 latiuscule
777 2802 1041 2851 lanceolatis,
1070 2802 1201 2854 ligula
1229 2802 1379 2851 ciliari,
1403 2802 1535 2854 spicis
1559 2800 1801 2842 linearibus

95 2859 303 2903 solitariis
339 2860 537 2903 breviter
571 2860 878 2914 pedunculatis
909 2872 1037 2903 secus
1072 2860 1291 2903 racliidcm
1337 2864 1510 2903 tenuem
1560 2860 1717 2902 hirtam
1756 2859 1798 2899 in

94 2930 315 2962 racemum
352 2918 534 2963 brevem
567 2920 843 2962 terminalem
881 2919 1107 2973 dispositis
1131 2920 1199 2961 axi
1236 2920 1461 2973 adpressis
1485 2917 1799 2973 approximatis

95 2975 187 3020 basi
217 2977 440 3021 interdum
468 2978 821 3032 subcompositis,
848 2978 1029 3033 spiculis
1055 2978 1295 3021 biseriatim
1324 2978 1537 3021 intricatis
1578 2975 1810 3032 pcdicelli--
