2089 3246
125 166 339 209 Narcissus
798 175 1156 204 AMARYLMDACEAE
1770 169 1836 205 151

123 251 263 293 «iores
290 247 423 301 magis
448 246 659 300 discretae,
689 257 845 290 corona
873 250 1066 293 obsolete
1090 249 1229 292 lobata
1253 249 1417 291 laciniis
1437 249 1607 305 4-5·plo
1632 250 1831 294 brevior.

130 334 186 341 —-
211 308 260 351 Ν.
283 307 496 361 Syriacus
517 305 657 348 Boiss.
675 310 719 348 et.
740 304 867 349 Gaill.
895 308 1046 363 Diagn.
1075 308 1168 351 Ser.
1195 307 1252 360 11,
1280 309 1322 360 ὅ,
1346 322 1385 362 p.
1410 309 1480 351 96.

179 383 270 419 Hab
302 383 342 418 in
359 381 476 426 Syria
494 380 655 416 littorali
673 380 724 417 ad
738 381 958 428 Berythum
985 386 1022 419 et
1040 384 1227 420 Sidonem
1245 383 1328 430 (BH
1348 383 1504 429 Gallu),
1533 385 1573 420 in
1602 385 1835 422 Antilibano

129 430 238 466 etad
256 431 497 467 Damascum
520 427 644 472 (Gaill
663 430 701 473 l).

195 513 216 554 7
258 491 508 537 Orientalis.
545 517 602 523 —-
635 492 801 548 Scapus
845 494 1001 545 elatus,
1048 496 1180 538 flores
1227 496 1431 549 majores.
1463 508 1619 538 corona
1673 498 1840 540 laciniis

132 554 363 608 quintuplo
395 551 572 594 brevior
595 553 694 606 plus
720 554 918 596 minusve
949 555 1235 598 trilobo-fissa
1257 557 1647 599 eroso-crenulata.
1688 579 1742 587 —
1770 557 1833 598 N.

134 612 370 655 Orientalis
401 631 428 654 α
466 610 558 653 Bot.
595 611 690 665 Mag
738 613 822 655 940
856 625 909 654 an
934 612 978 654 L.
1008 614 1135 657 Mant.
1171 613 1336 657 38⁶?-
1368 614 1422 656 N.
1456 615 1738 668 Byzantinus
1773 617 1837 659 vel

137 668 653 723 Constante'nopolitanus
678 671 851 714 Hortul.
875 695 931 703 —
955 672 1008 715 N.
1041 673 1217 715 Tenorii
1240 672 1400 716 Parlat.
1428 673 1489 715 Fl.
1514 674 1565 717 It.
1598 675 1638 727 3,
1665 688 1704 728 ρ.
1740 676 1836 718 137.

135 733 203 773 An
229 732 268 772 in
293 730 476 783 quadam
502 733 624 783 parte
649 730 840 773 Orientis
868 736 1136 782 spontaneus
1153 732 1174 774 ⁶?
1198 746 1250 775 an
1271 733 1406 775 forma
1434 732 1654 776 hortensis
1671 734 1691 775 ⁹?
1715 733 1775 776 Cl.
1800 739 1842 777 et

128 790 254 832 amic.
280 789 335 830 Dr
358 788 512 832 Levier
537 789 703 842 primus
731 792 905 843 agnovit
932 791 1039 833 lianc
1062 792 1244 846 stirpem
1266 804 1288 834 a
1316 793 1540 835 nonnullis
1564 794 1690 836 annis
1718 794 1838 836 circa

127 848 392 950 >{lorentiam
417 848 590 949 cgpkiose
613 854 880 892 crescentem
919 851 1116 894 eamdem
1161 863 1349 905 prorsus
1391 862 1490 894 esse
1531 863 1579 894 ac
1615 853 1762 906 planta
1796 853 1840 895 in

176 912 231 951 ot.
257 909 363 961 Mag.
387 919 436 949 ex
475 908 482 948 i
522 907 592 950 ita.

196 984 220 1028 δ
259 983 402 1036 Cypri.
438 1006 498 1015 —
533 983 700 1039 Scapus
730 986 886 1036 elatus,
925 985 1084 1029 bulbus
1127 986 1279 1040 maj0r,
1308 987 1439 1029 ssores
1480 987 1634 1040 magni,
1684 999 1840 1030 corona

139 1043 265 1087 valde
301 1047 452 1096 patens
486 1044 654 1097 integra
700 1044 865 1087 laciniis
898 1045 1028 1098 triplo
1049 1046 1239 1088 brevior.
1273 1069 1322 1076 —
1347 1045 1398 1087 Ν.
1429 1045 1563 1099 Cypri
1589 1046 1707 1089 Haw.
1734 1047 1840 1089 Pliil.

129 1104 247 1156 Mag.
289 1102 431 1145 Sweet
466 1104 600 1145 Flow.
628 1103 761 1146 Gard.
800 1104 886 1146 tab.
914 1105 983 1145 902.
1025 1128 1072 1135 —
1106 1104 1160 1147 N.
1197 1104 1338 1146 elatus
1361 1105 1489 1147 Guss.
1513 1106 1555 1147 in
1586 1105 1706 1149 Italia
1730 1107 1840 1148 circii

138 1161 349 1215 Neapolin
386 1165 430 1204 et
467 1162 731 1205 Florentiam
767 1175 820 1205 ex
857 1163 1002 1206 bulbis
1029 1163 1159 1206 Nare.
1188 1164 1432 1218 Byzantim'
1456 1164 1564 1207 Hort
1592 1170 1748 1207 enatus
1771 1166 1842 1219 (cl.

133 1220 296 1264 Levier
330 1222 371 1263 in
405 1221 506 1274 litt.)
541 1225 584 1263 et
621 1233 735 1264 nunc
776 1222 835 1264 ibi
866 1223 1070 1276 copiosus
1098 1224 1273 1267 omnino
1298 1223 1449 1266 eadem
1477 1224 1651 1266 videtur
1688 1226 1838 1266 forma.

187 1296 288 1332 Hah.
311 1296 351 1332 in
370 1296 503 1332 insulsi
523 1295 654 1342 Cypro
677 1297 743 1340 (ex
766 1297 911 1343 Ham),
931 1298 971 1333 in
987 1298 1093 1343 agris
1117 1298 1166 1333 ad
1188 1299 1368 1334 Larnaca
1389 1299 1555 1337 (Sint.et
1577 1299 1678 1345 Rigo
1695 1302 1735 1343 l).
1750 1300 1843 1346 Spe—

140 1344 287 1380 cimina
311 1345 349 1379 in
365 1343 557 1391 pomariis
574 1344 719 1391 Aleppi
747 1355 769 1380 a
786 1345 832 1380 cl.
861 1345 1037 1381 Haussk.
1059 1345 1163 1381 lecta
1181 1345 1256 1381 hnc
1275 1346 1437 1382 omnino
1457 1350 1629 1393 spectare
1651 1347 1847 1383 videntur.

184 1411 247 1447 Ar.
265 1411 401 1456 Geoqr.
421 1408 581 1456 Europa
600 1412 638 1446 et
659 1410 800 1446 Africae
818 1410 992 1446 borealis
1013 1411 1121 1457 regio
1142 1411 1429 1447 mediterranea
1446 1413 1588 1447 omnis.

197 1519 236 1561 3.
274 1517 342 1561 N.
381 1529 757 1574 papyraceus
793 1518 948 1574 <Gaul
981 1518 1074 1562 Bot.
1117 1518 1222 1573 Mag.
1258 1520 1330 1562 tab
1377 1521 1484 1576 947)
1527 1521 1637 1563 soliis
1662 1526 1843 1575 anguste

135 1578 378 1622 linearibus
433 1577 832 1630 subcanaliculatis‚
882 1590 1011 1632 scapo
1060 1579 1174 1621 foliis
1222 1579 1552 1634 subaequilongo
1593 1592 1845 1634 compresso

138 1638 387 1691 hiangulato
426 1639 546 1691 apice
576 1638 844 1681 umbellatim
885 1638 1135 1690 multifloro‚
1162 1639 1373 1691 perigonii
1412 1640 1497 1682 albi
1539 1640 1700 1682 laciniis
1742 1640 1846 1682 tubo

138 1697 496 1750 sublongioribus
544 1697 741 1751 oblongis
765 1697 1071 1748 subdiscretiS‚
1116 1701 1274 1740 corona
1320 1699 1416 1741 alba
1457 1699 1727 1752 cyatliisormi
1771 1711 1846 1741 ore

140 1755 459 1799 subconstrieta
497 1759 541 1798 et
577 1757 1000 1799 eventilato-dentata
1032 1757 1197 1800 laciniis
1229 1757 1360 1812 triplo
1388 1758 1589 1800 breviore
1622 1768 1677 1810 26.
1710 1758 1843 1811 Mogg.

137 1815 402 1919 &cogistati
443 1816 510 1858 70.
542 1839 592 1847 —
633 1815 685 1858 N.
716 1815 915 1858 stellatus
954 1835 996 1859 α.
1034 1816 1109 1858 Dc.
1144 1817 1206 1859 Fl.
1242 1817 1309 1859 Fr.
1335 1842 1391 1847 —
1431 1817 1564 1860 Rchb.
1599 1817 1655 1860 Ic.
1695 1817 1843 1860 Germ.

172 1887 210 1928 g.
337 1908 344 1915 .

185 1950 287 1986 Hah.
306 1954 347 1986 tn
367 1950 509 1986 vinetis
527 1953 565 1986 et
584 1951 753 1987 collibus
772 1951 822 1987 ad
844 1951 1055 1987 Phalerum
1083 1952 1220 1987 Atticm
1240 1952 1388 1998 (Sprun
1401 1954 1438 1997 l),
1454 1952 1503 1988 ad
1528 1963 1645 1998 rupes
1666 1953 1848 1998 Naupliae

141 1999 179 2034 in
201 1998 386 2044 Argolide
405 1998 605 2044 (Sprunl),
624 1998 804 2034 Zacinthi
828 1999 1015 2044 (Margi),
1033 1999 1074 2034 in
1101 1999 1299 2035 Messenia
1327 2000 1429 2035 circa
1463 2000 1637 2035 Navaria
1665 2003 1703 2036 et
1734 2000 1847 2036 Cala-

137 2048 247 2081 -mata
265 2046 496 2091 (Daenzerl),
519 2045 673 2092 Cyprus
692 2047 758 2091 (ex
777 2046 871 2082 Kth.
893 2046 1023 2081 Enum
1041 2048 1066 2091 J.
1087 2047 1144 2082 Fl.
1164 2056 1267 2082 vere.

189 2112 253 2147 Ar.
289 2111 422 2156 Geoqr.
441 2110 575 2146 Gallia
592 2110 790 2153 australis,
810 2110 936 2146 Italia.

190 2175 278 2211 Oba.
307 2174 354 2210 N.
373 2174 513 2211 dubius
533 2175 635 2210 Lois.
657 2177 693 2210 et
715 2174 762 2211 N.
784 2174 930 2211 odorus
951 2175 1230 2211 schedularum
1251 2175 1500 2212 mendacium
1519 2175 1692 2212 Gittardi
1713 2176 1788 2213 fide
1812 2177 1849 2211 in

142 2222 340 2306 Messogiia
360 2222 522 2259 indicati
544 2222 600 2258 ibi
621 2232 699 2258 non
719 2232 889 2258 crescere
910 2223 1106 2268 videntur,
1123 2224 1338 2269 specimina
1353 2233 1401 2259 ex
1415 2224 1546 2259 Gallia
1567 2223 1730 2259 australi
1748 2226 1851 2260 certe

142 2280 258 2306 oriun
289 2280 321 2305 a.

206 2337 245 2378 4.
289 2336 354 2380 N.
393 2346 616 2380 aureus
651 2336 788 2391 (Lois.
829 2331 892 2378 ΡΙ.
929 2336 1038 2379 Gall.
1084 2336 1116 2387 l,
1150 2336 1257 2392 235)
1297 2337 1409 2381 foliis
1451 2337 1668 2380 viridibus
1711 2338 1853 2391 planis

138 2396 372 2440 tatiuscule
401 2397 656 2447 linearibus,
681 2409 810 2450 scapo
837 2397 1048 2439 subtereti
1087 2396 1342 2448 nmltissom,
1369 2397 1579 2451 perigonii
1615 2397 1715 2439 ssavi
1755 2397 1854 2438 laci-

143 2455 226 2497 niis
269 2456 515 2508 patentibus
549 2455 630 2498 late
667 2456 865 2498 obovatis
902 2456 1072 2498 obtusis
1098 2456 1344 2498 alternatim
1369 2457 1655 2504 mucronatis,
1695 2459 1853 2498 corona

137 2515 341 2568 cupulari
378 2517 510 2557 aurea
544 2526 620 2557 ore
659 2515 914 2568 subintegra
942 2515 1108 2557 laciniis
1134 2516 1265 2570 triplo
1291 2515 1493 2558 breviore
1524 2524 1578 2565 26.
1609 2515 1854 2569 Moggridge

140 2571 271 2615 Merit.
299 2575 382 2616 tab.
411 2574 479 2616 2⁴2.
506 2597 558 2605 —
587 2572 637 2616 N.
667 2573 905 2616 Orientale's
936 2587 1025 2617 var.
1052 2574 1091 2618 ,δ
1121 2574 1213 2617 Bot.
1244 2574 1348 2628 Mag.
1374 2575 1459 2616 tab.
1489 2576 1614 2617 1076.

191 2647 290 2684 Hah.
311 2650 350 2684 in
370 2649 536 2685 collibus
558 2650 696 2685 Atticae
714 2649 763 2684 ad
785 2649 998 2685 Phalerum
1019 2649 1205 2696 (Sprunl)
1225 2650 1285 2685 An
1305 2651 1450 2696 spont?
1467 2649 1527 2685 Fl.
1547 2660 1648 2685 vere.

197 2713 259 2749 Ar.
282 2714 415 2760 Geoqr.
445 2714 579 2751 Gallia
605 2715 804 2759 australis,
828 2714 954 2760 Italia,
971 2715 1103 2750 Africa
1122 2713 1306 2751 borealis.

205 2818 247 2858 5.
273 2816 334 2859 Ν.
376 2817 683 2861 serotinus
722 2816 790 2872 (L.
827 2815 899 2870 Sp.
947 2817 1050 2869 517)
1089 2816 1203 2859 soliis
1243 2816 1313 2858 1&
1355 2815 1632 2858 filiformibus
1661 2824 1857 2867 superne

146 2877 442 2920 canaliculatis
483 2876 812 2931 liysterantliiis,
848 2888 977 2930 scapo
1016 2877 1145 2918 tereti
1188 2876 1320 2924 tenui,
1359 2875 1542 2917 floribus
1582 2876 1596 2915 1
1640 2874 1785 2916 rarius
1834 2873 1857 2913 ἵ).

143 2935 264 2980 ,intra
306 2936 502 2990 spatham
547 2937 754 2978 linearem
784 2935 1069 2991 pedicellatis,
1101 2935 1314 2989 perigonii
1343 2934 1427 2977 albi
1453 2934 1555 2977 tubo
1582 2932 1731 2987 gracili
1760 2932 1860 2974 laci·
