2089 3246
90 227 334 274 Eraqroscis.
829 232 1057 262 emmunim
1729 226 1799 263 581

134 309 238 345 Hah.
257 310 298 345 in
325 308 442 344 cultis
462 308 626 344 Graeciae
648 309 687 344 et
703 308 788 354 eJus
807 308 1027 344 insalarum
1046 308 1193 353 (Sibtb.
1219 307 1362 343 Heldrl
1379 308 1476 350 etc),
1492 308 1635 343 Cretze!
1655 308 1799 356 Siebl),

89 356 239 393 Ciliciae
276 355 417 401 (Peri),
450 355 714 409 Cappadociae
749 358 787 390 et
820 355 1023 391 Cataoniae
1057 356 1146 397 (Bal
1161 357 1201 400 l).
1237 354 1363 399 Syriae
1398 354 1582 389 littoralis
1623 355 1800 402 (Gailll),

88 404 234 450 Egvpti
259 403 404 447 (Boisst
440 402 623 448 Kralikl)
653 406 692 438 et
717 402 803 448 ejus
833 402 1006 439 Ossibus
1035 403 1216 448 (Ascht).
1247 401 1382 446 littore
1419 402 1637 448 Egyptiuco
1676 404 1797 439 maris

87 442 212 488 Rubri
237 450 374 496 (Schw
386 452 425 496 l),
442 450 591 486 Persiae
611 450 798 485 australis
817 451 1000 496 (Auchi),
1015 449 1238 496 Affghaniae
1264 449 1313 485 ad
1334 449 1459 484 Horat
1477 449 1584 494 (Bge
1602 451 1638 492 ἱ).

133 518 198 553 Ar.
219 516 353 562 Geogr.
376 515 530 563 Europa
551 516 684 552 media
703 519 740 552 et
758 516 945 553 australis
973 528 996 552 a
1023 516 1163 562 Belgio
1194 518 1233 552 et
1266 516 1483 552 Germania
1512 516 1562 551 ad
1598 518 1797 562 regionem

86 563 362 609 Danubialem‚
384 564 520 600 Africa.
538 563 722 603 borealis.
743 563 887 610 Nubia,
903 564 1133 611 Abyssinia,
1154 563 1305 599 Arabia
1325 563 1488 610 tropica,
1521 563 1634 598 India
1667 565 1796 603 orien-

87 611 190 652 talis
216 611 354 657 China,
373 610 414 647 P.
433 611 478 646 B.
499 611 605 657 Spei,
626 611 824 647 America.

147 730 187 772 3.
208 728 264 772 Ε.
289 713 550 773 tremula
574 728 714 785 (Lam.
739 729 858 780 111.1‚
889 730 970 773 188
993 729 1076 773 sub
1095 728 1207 784 Ροιί)
1232 742 1392 779 annua,
1416 730 1573 772 culmis
1593 729 1798 774 tenuibus

86 789 344 843 geniculatis
367 789 542 838 erectis,
567 789 682 832 foliis
705 793 889 843 anguste
924 789 1164 832 linearibus
1191 789 1451 831 acuminatis
1488 789 1688 842 rigidulis
1711 790 1797 842 gla-

89 847 194 902 bris,
223 848 392 901 vaginis
416 859 493 890 ore
515 848 724 898 barbatis,
749 849 960 902 paniculae
981 848 1233 902 compositae
1260 848 1566 902 pyramidatim
1591 849 1797 890 ramosis-

86 906 208 949 simae
257 910 404 950 effusae
457 911 614 951 erectae
662 908 796 950 ramis
846 908 1028 950 alternis
1075 907 1360 962 capillaribus
1417 907 1556 960 longis
1612 907 1796 960 patenti-

85 965 169 1008 bus
187 966 459 1010 divaricatim
476 967 711 1009 ramulusis
729 967 782 1009 ad
805 967 1087 1010 insertionem
1111 967 1330 1011 interdum
1354 967 1559 1010 barbatis,
1576 966 1797 1020 pcdicellis

84 1024 367 1078 capillaribus
391 1025 572 1079 spiculae
605 1026 863 1080 aequilongis
884 1026 951 1068 vel
979 1026 1262 1079 longioribus,
1285 1025 1465 1080 spiculis
1490 1027 1798 1080 subrompres-

83 1083 147 1126 sis
169 1088 352 1138 anguste
369 1089 413 1128 et
435 1085 558 1138 longe
584 1085 824 1128 linearibus
844 1085 1102 1128 imbricatim
1124 1085 1420 1138 20-30-ssoris,
1446 1086 1651 1138 glumclla
1667 1087 1796 1129 ovata

85 1141 238 1186 obtusa
261 1155 399 1187 nervo
445 1144 610 1187 laterali
656 1144 780 1187 valde
804 1144 1053 1198 prominulo
1080 1157 1103 1186 a
1132 1145 1327 1199 margine
1360 1149 1540 1198 remoto,
1564 1145 1796 1198 superiore

86 1202 339 1257 persistenti
368 1203 551 1246 incurva
578 1209 644 1253 Θ.
685 1203 734 1246 Ε.
760 1203 949 1246 tremula
974 1204 1127 1247 Munro
1155 1217 1207 1248 ex
1235 1204 1375 1247 Aitcb.
1406 1203 1494 1245 Cat.
1528 1229 1578 1235 —
1615 1204 1661 1247 E.
1691 1202 1796 1245 rha-

83 1259 302 1303 clu‘triclm
320 1262 496 1305 Hocbst.
519 1286 582 1294 —
599 1262 650 1305 Ε.
674 1262 918 1316 multi-flora
937 1263 1070 1306 Herb.
1092 1263 1186 1306 Ind.
1214 1263 1289 1307 Or.
1311 1276 1397 1305 nou
1417 1263 1548 1306 Ascli.

131 1333 233 1370 Hab.
255 1335 296 1370 in
314 1334 531 1382 Affghania
550 1335 681 1380 (Griff.
703 1347 751 1372 ex
769 1335 896 1372 Aitch.
922 1337 1045 1382 Cat).

130 1398 288 1435 Pedalie
301 1400 367 1436 vel
381 1400 687 1447 sesquipedalis,
699 1400 749 1436 ab
760 1400 804 1436 E.
818 1401 996 1448 pooeoide
1008 1403 1046 1437 et
1059 1398 1343 1448 meqastachyd
1362 1402 1484 1437 ramis
1509 1402 1794 1450 pedicellisque

84 1445 215 1492 longis
235 1447 482 1483 tenuissimis
504 1448 732 1494 paniculam
761 1449 1043 1484 effusissimam
1071 1448 1349 1493 formantibus,
1385 1449 1553 1495 spiculis
1585 1453 1792 1496 angustio-

84 1492 198 1576 ziilgug
213 1493 515 1578 ffiggssffffiribus
537 1494 711 1539 (5-811n.
733 1495 865 1543 longis
894 1497 962 1532 vix
994 1496 1143 1533 lineam
1171 1496 1294 1543 latis),
1314 1497 1506 1543 glumellu
1536 1497 1675 1534 latiore
1705 1499 1793 1535 bre-

130 1605 193 1641 Ar.
211 1606 346 1652 Geoqr.
366 1606 492 1653 India,
509 1606 741 1653 Abyssinia,
758 1607 893 1644 Nubia
911 1607 1074 1654 tropica..
1097 1617 1263 1654 regnum
1283 1606 1427 1643 Gabon
1448 1607 1600 1643 Africae.

142 1725 182 1767 4.
203 1724 261 1768 E.
282 1724 479 1779 pilosa
503 1724 570 1781 (L.
591 1724 665 1780 Sp.
694 1727 776 1768 100
802 1727 886 1769 sub
904 1726 1016 1781 Ροᾱ)
1044 1740 1203 1779 annua,
1226 1728 1382 1770 culmis
1404 1727 1640 1780 gracilibus
1672 1740 1791 1770 eree-

83 1783 140 1826 tis
164 1785 232 1827 vel
264 1785 886 1838 geniculato-ascendentibuS‚
912 1787 1026 1829 foliis
1049 1791 1234 1839 anguste
1259 1787 1498 1830 linearibus
1527 1789 1667 1841 planis
1691 1801 1791 1831 acu-

83 1843 273 1886 minatis.
291 1844 460 1898 vaginis
481 1856 558 1887 ore
578 1843 785 1898 barbatis,
812 1846 1023 1899 paniculae
1048 1846 1244 1899 oblongae
1267 1847 1450 1901 aequalis
1479 1847 1791 1902 ramosissimis

82 1906 315 1946 contractae
339 1902 513 1946 demum
553 1903 711 1957 patulae
743 1905 879 1946 ramis
920 1904 1202 1960 capillaribus
1231 1905 1286 1946 ad
1324 1907 1611 1948 insertionem
1639 1907 1789 1959 pilosis

82 1961 293 2015 elongatis
344 1962 626 2006 inferioribus
678 1965 938 2018 plerumque
993 1965 1068 2007 3-5
1110 1965 1510 2015 semiverticillatis‚
1564 1965 1789 2019 pcdicellis

82 2020 363 2075 capillaribus
387 2021 567 2075 spiculae
591 2023 852 2076 aequilongis
880 2023 946 2067 vel
967 2023 1253 2077 longioribus.
1279 2024 1459 2078 spiculis
1481 2025 1790 2077 angustissime

84 2079 324 2122 linearibus
340 2080 434 2123 laxe
447 2082 517 2123 54
531 2081 700 2124 1-ssoris
723 2083 1169 2136 purpurascentibus,
1186 2083 1393 2137 glumella
1413 2084 1587 2126 minimi}
1606 2084 1790 2137 oblonga

82 2139 354 2182 acutiuscula
375 2140 526 2183 nervis
550 2140 622 2182 vix
649 2141 921 2195 prominuliS.
945 2142 1176 2196 superiore
1195 2142 1462 2186 subincurva
1481 2147 1547 2193 Θ.
1570 2143 1611 2184 Ε
1644 2142 1789 2194 pilosa

82 2197 130 2240 P.
155 2197 208 2240 de
233 2197 280 2240 B.
305 2197 413 2241 Host
447 2197 594 2241 Gram.
616 2201 656 2249 2,
685 2199 769 2242 tab.
798 2202 869 2243 68.
895 2225 948 2231 —
974 2201 1111 2245 Rcbb.
1145 2200 1290 2245 Germ.
1316 2203 1416 2244 424.
1441 2227 1496 2232 —
1520 2202 1569 2244 Ε.
1600 2201 1789 2244 vertz'ce'l-

80 2254 173 2298 Iata
197 2256 331 2303 Raem.
362 2261 406 2301 et
431 2257 529 2301 Scb.
556 2284 614 2289 —
640 2259 691 2302 E.
717 2258 1004 2302 Mossulensis
1029 2260 1179 2303 Steud.
1206 2261 1310 2316 Agr.
1339 2262 1437 2303 264.
1468 2287 1518 2292 —
1537 2262 1587 2303 E.
1619 2261 1789 2314 Bayda-

81 2314 230 2358 densis
248 2320 291 2358 et
314 2316 366 2359 E.
393 2316 558 2360 bicolor
584 2317 721 2362 Boiss.
748 2318 848 2361 Mss.
877 2319 920 2362 in
947 2319 1024 2374 Ky.
1044 2332 1135 2363 exs.

129 2389 229 2425 Hab.
250 2390 291 2426 in
315 2392 505 2437 arenosis,
526 2391 568 2427 in
595 2391 783 2436 humidis,
807 2393 857 2428 ad
885 2393 981 2437 vias,
1012 2393 1166 2429 Graecia
1200 2393 1238 2428 in
1274 2392 1552 2439 Peloponneso
1580 2397 1617 2428 et
1643 2393 1789 2430 AEtolia

82 2435 276 2482 (Helui-t),
298 2438 531 2475 Macedonia
551 2438 733 2485 (Orpbl),
756 2440 927 2476 Thracia
947 2440 1126 2484 (Pichlt).
1153 2441 1345 2477 Cataonia
1377 2440 1557 2484 (Haussk
1571 2444 1611 2485 1),
1632 2441 1788 2486 Egypto

81 2482 264 2520 inferiore
290 2485 423 2529 (Siebl
441 2486 564 2521 Auch.
583 2486 730 2531 29441),
753 2487 897 2522 Persiae
918 2498 1028 2534 prov.
1053 2487 1281 2524 Khorassan
1304 2491 1342 2523 et
1359 2489 1460 2523 circa
1488 2488 1607 2523 Herat
1630 2488 1727 2534 (Bge
1742 2490 1784 2534 l),

81 2531 245 2577 Assyria
265 2532 315 2568 ad
343 2532 495 2569 Mossul
515 2533 610 2580 (Ky.
630 2533 749 2580 4341),
770 2533 992 2580 Babylonia
1012 2535 1062 2570 ad
1084 2535 1246 2582 Bagdad
1267 2535 1369 2579 (Noe
1389 2535 1508 2579 3050.

129 2591 191 2632 Δΐ.
213 2597 349 2642 Geogr.
373 2598 534 2645 Europa
562 2598 694 2635 media
723 2602 761 2634 et
787 2599 975 2636 australis
1001 2611 1024 2636 a
1059 2600 1197 2647 Belgio
1224 2603 1261 2636 et
1292 2600 1509 2636 Germania
1539 2599 1703 2636 australi
1738 2600 1788 2636 ud

80 2643 282 2697 regionem
305 2645 583 2693 Danubialem‚
604 2646 787 2682 Bossiam
811 2647 996 2692 mediam,
1015 2647 1162 2684 Sibiria
1176 2647 1342 2692 Altaica‚
1362 2647 1485 2693 India,
1503 2647 1786 2694 Nubia,Abys·

83 2699 196 2735 sima,
218 2691 335 2727 Nova
353 2692 582 2739 Hollandia‚
602 2695 785 2730 America
802 2694 987 2730 borealis.

145 2811 187 2852 5.
228 2810 284 2856 E.
317 2813 672 2867 AEqyptiaca
693 2814 810 2862 (Del.
842 2814 912 2867 Eg.
943 2815 1040 2860 157,
1065 2814 1149 2857 tab.
1179 2814 1251 2861 lv.
1281 2815 1350 2866 lig.
1378 2816 1424 2869 ⁹2)
1447 2828 1605 2861 annua.
1632 2816 1787 2858 culmis

85 2871 330 2913 numerosis
371 2872 600 2924 cespitosis
642 2874 1028 2926 procumbentibus
1064 2875 1130 2916 vel
1165 2874 1786 2927 geniculato-ascendentibus,

83 2926 195 2970 foliis
225 2929 479 2981 linearibus,
506 2932 674 2983 vaginis
702 2944 776 2974 ore
803 2933 926 2984 longe
952 2932 1157 2983 barbatis,
1177 2934 1389 2988 paniculae
1412 2933 1580 2987 pallida·
1606 2935 1786 2987 aequalis

85 2985 255 3030 diffusae
280 2989 347 3031 vel
369 2993 601 3033 contractae
623 2991 758 3036 ramis
787 2991 997 3035 brevibus
1019 2992 1406 3035 semiverticillatis
1438 2991 1530 3034 basi
1560 3004 1641 3034 non
1670 2993 1788 3036 cilia-
