2062 3314
185 226 226 261 ’,3
952 230 1103 256 PALMAE
1585 217 1873 265 Spargyczm'um.

181 304 375 360 squamis
401 304 538 346 ternis
561 303 625 345 vel
653 302 852 356 pluribus
880 304 954 343 aut
977 301 1082 344 setis
1109 303 1325 344 constans.
1340 299 1530 342 Stamina
1558 301 1627 342 1-3
1647 301 1878 344 filamcntis

181 364 459 418 capillaribus
499 362 646 404 liberis
673 361 738 402 vel
766 360 858 401 basi
899 360 1107 402 connatis.
1134 358 1342 402 Ovarium
1368 359 1550 401 liberum
1574 360 1874 402 uniovulatum

183 423 315 465 ovuto
359 421 563 476 pendulo,
603 420 743 473 stylus
777 419 944 461 unicus,
997 419 1152 471 stigma
1188 417 1371 471 simplex
1413 418 1680 460 unilaterale.
1713 419 1880 461 Nucula

185 482 428 535 pericarpio
455 480 781 521 membranaceo
808 478 875 520 vel
902 476 1217 531 subdrupaceo.
1242 475 1397 518 Samen
1419 477 1668 529 pendulum.
1688 477 1878 532 Embryo

186 540 362 582 linearis
396 540 440 581 in
463 537 699 580 albuminis
723 536 928 578 farinacci
952 536 1035 589 axi,
1061 535 1251 577 radicula
1275 547 1450 589 supera.

657 705 989 755 mnemon
1028 707 1086 768 (ι.
1133 705 1231 755 Gen.
1269 705 1420 768 1041).

247 850 400 891 Flores
426 848 466 889 in
493 847 679 900 capitula
707 845 883 898 globosa
908 857 958 887 cx
985 845 1051 886 axi
1082 845 1285 898 primaria
1308 849 1351 888 et
1378 846 1648 889 secundariis
1671 847 1885 901 dispositi,

190 908 393 950 iuferiora
411 907 608 950 l'cminca.
625 904 853 958 superiora
878 905 1081 946 mascula.
1102 904 1231 945 Maso.
1250 904 1525 956 Perigonium
1543 906 1735 959 squamis
1760 918 1887 948 mem-

189 967 418 1009 branaceis
458 964 641 1017 integris
684 963 751 1004 vel
786 963 932 1005 bitidis
964 963 1078 1005 inter
1107 964 1289 1005 stamina
1321 967 1539 1006 constans.
1564 964 1756 1007 Stamina
1784 966 1887 1007 sub·

193 1031 334 1074 terna,
362 1025 578 1065 litamenta
603 1023 754 1064 brevia
779 1022 949 1064 demum
977 1023 1171 1074 elongata
1209 1022 1356 1075 libera,
1382 1023 1572 1064 antlieroe
1610 1024 1885 1066 liiloculares.

192 1083 605 1135 Fem.Pe1·igonium
629 1081 822 1134 squamis
841 1081 1052 1134 paleaceis
1079 1082 1214 1124 ternis
1243 1082 1439 1123 ovarium
1467 1082 1739 1133 cingentibus
1767 1094 1886 1124 cons-

192 1148 306 1185 tans.
324 1143 479 1185 Ovaria
504 1142 637 1182 libera
657 1141 723 1181 vel
744 1140 840 1181 bina
857 1143 1038 1181 connata
1067 1140 1233 1182 sessilia
1262 1141 1558 1187 unilocularia‚
1577 1141 1718 1193 stylus
1740 1141 1886 1183 brevis

192 1214 372 1244 crassus
396 1213 491 1242 cum
521 1200 667 1241 ovario
693 1199 936 1251 continuus,
970 1198 1123 1251 stigma
1152 1199 1416 1241 unilateralc.
1446 1199 1630 1241 Fructus
1661 1201 1751 1242 basi
1790 1212 1888 1242 con·

191 1264 360 1302 tractus
394 1272 490 1301 cum
531 1258 723 1311 squamis
755 1258 966 1300 deciduus
1000 1257 1276 1300 indehiscens
1306 1257 1634 1312 subdrupaceus
1671 1259 1887 1312 epicarpio

193 1320 431 1373 spongioso
459 1318 717 1370 endocarpio
741 1329 866 1360 osseo
886 1317 1004 1371 apice
1031 1321 1221 1370 pertuso.
1242 1317 1397 1359 Semcn
1422 1318 1633 1371 putamini
1661 1318 1888 1360 adhaerens

192 1403 248 1407 —
275 1379 431 1420 Ilcrbae
453 1377 674 1431 aquaticae.

264 1509 300 1548 1.
336 1506 386 1549 S.
422 1516 731 1549 ramosum
769 1505 929 1559 (IIuds.
964 1506 1088 1558 Angl.
1120 1505 1225 1560 401]
1254 1505 1373 1548 caule
1399 1508 1541 1548 erecto
1577 1504 1743 1555 folloso,
1778 1505 1888 1547 soliis

191 1566 508 1607 cnsisormibus
536 1566 623 1607 basi
659 1566 884 1619 triquetris
925 1566 1134 1607 lateribus
1165 1565 1379 1613 concavis,
1403 1565 1601 1618 capitulis
1633 1565 1673 1606 in
1712 1565 1886 1617 panicu-

194 1627 276 1667 lam
310 1625 581 1666 terminalem
606 1625 753 1677 patule
781 1636 992 1666 ramosam
1023 1624 1213 1666 foliosum
1241 1624 1461 1677 dispositis
1488 1623 1716 1665 sessilibus
1744 1624 1889 1665 rarius

193 1684 508 1737 pedunculatis,
536 1683 742 1736 perigonii
773 1683 966 1736 squamis
1000 1683 1325 1725 sublinearilius
1364 1695 1555 1736 superne
1584 1683 1769 1735 abrupte
1797 1695 1891 1736 spa-

194 1743 374 1784 tliulatis
408 1743 604 1796 integris,
638 1742 837 1794 stigmate
863 1743 1030 1794 lineari,
1055 1741 1266 1785 fructibus
1305 1743 1520 1795 angulatis
1550 1742 1890 1795 obpyramitlatis

195 1802 402 1855 stipitatis
428 1802 622 1844 breviter
650 1801 853 1843 rostratis
889 1808 923 1849 26
941 1831 950 1840 .
976 1801 1030 1843 Ic.
1061 1801 1194 1843 Rclib.
1220 1800 1365 1843 Germ.
1393 1802 1475 1843 tab.
1502 1801 1598 1843 3⁶26.
1625 1825 1682 1831 —
1704 1801 1747 1842 S.
1779 1812 1893 1842 cree-

194 1864 292 1901 tam
317 1873 404 1902 var.
428 1862 481 1903 cl.
509 1860 555 1901 L.
584 1860 658 1915 Sp.

242 1935 340 1970 Hal».
373 1935 421 1970 ad
457 1946 580 1981 aquas
620 1937 698 1971 fere
731 1936 851 1970 totius
884 1935 1044 1970 ditionis
1074 1946 1095 1970 a
1130 1935 1298 1970 Graecia!
1335 1936 1462 1970 Cretal
1504 1935 1552 1969 aa
1583 1935 1737 1979 Syriam
1775 1934 1841 1969 (ΠΙ
1857 1936 1892 1979 1),

194 1983 521 2028 Mesopotamiam
541 1982 718 2027 (Haussk
733 1985 771 2027 t),
790 1983 964 2018 Persium
983 1982 1192 2027 borealem,
1212 1993 1375 2028 regnum
1394 1983 1628 2018 Cabulicum
1647 1982 1766 2027 (lcii-ill
1780 1984 1818 2026 ἔ).

241 2047 305 2081 Ar.
327 2047 459 2091 Geoqr.
488 2046 648 2093 Europa
667 2049 760 2090 tota,
779 2046 936 2091 Sibil-ia,
955 2047 1088 2082 Africa
1108 2046 1289 2082 borealis.

261 2163 299 2202 Q.
344 2160 396 2204 S.
438 2162 696 2217 simplex
725 2162 880 2217 (Huds.
913 2162 1040 2215 Angt.
1079 2161 1183 2217 401)
1226 2162 1346 2205 caule
1390 2165 1533 2205 erecto
1574 2162 1739 2213 folioso,
1780 2162 1892 2204 soliis

196 2221 437 2263 linearibus
467 2220 559 2263 basi
591 2222 816 2275 triquetris
845 2222 1054 2263 lateribus
1082 2222 1236 2274 planis,
1259 2221 1456 2274 capitulis
1483 2221 1523 2262 in
1553 2233 1770 2263 racemum
1791 2222 1891 2263 sim-

199 2280 351 2333 plicem
392 2280 558 2322 inferne
594 2281 786 2323 foliatum
823 2281 1045 2333 dispositis
1079 2280 1358 2323 inferioribus
1400 2281 1702 2334 pedunculatis
1728 2280 1894 2322 caetcris

198 2337 443 2391 sessilibus,
482 2339 691 2393 pcrigonii
731 2340 924 2392 squamis
970 2339 1345 2392 lineari-oblongis
1383 2341 1500 2393 apice
1543 2340 1744 2387 crosuliS,
1782 2340 1893 2388 stig-

198 2402 313 2440 mate
340 2398 506 2449 lineari,
531 2399 746 2441 sructibus
770 2411 854 2440 nou
883 2399 1098 2450 angulatis
1125 2399 1248 2452 longe
1276 2398 1474 2452 ellipticis
1502 2399 1591 2440 basi
1629 2399 1670 2439 in
1702 2397 1892 2451 stIpitcm

198 2469 394 2509 superne
435 2458 477 2499 in
522 2461 714 2500 rostrum
743 2458 900 2509 gracile
935 2457 1110 2511 longum
1137 2458 1370 2500 attenuatis
1406 2457 1543 2504 2410.
1572 2457 1708 2499 Rclil).
1750 2456 1894 2499 Germ.

196 2515 283 2557 tab.
317 2517 414 2556 3025.
440 2540 491 2546 —
524 2516 564 2558 S.
590 2519 777 2558 ereetum
807 2529 884 2558 var
909 2516 951 2570 β.
982 2518 1025 2559 L.
1057 2517 1129 2570 Sp.
1157 2542 1211 2547 —
1240 2516 1284 2559 S.
1317 2527 1534 2558 emersum
1570 2516 1719 2557 Rclim.
1754 2515 1892 2557 Scliw.

202 2576 311 2674 tteier
342 2588 381 2627 p.
409 2577 478 2625 SO,
516 2576 667 2618 saltem
709 2587 761 2617 ex
799 2587 914 2629 spec..
952 2577 1228 2630 Kotscliyano
1271 2576 1397 2618 citato
1440 2576 1542 2618 milii
1594 2588 1678 2617 non
1717 2575 1894 2617 differre

199 2633 237 2673 vi
274 2638 384 2675 etur.
1473 2637 1477 2638 ⁷
1546 2638 1550 2639 ⁷

247 2718 347 2753 Hal).
366 2719 411 2754 ad
433 2730 566 2765 aquas.
587 2719 617 2754 E
639 2719 784 2755 ditione
806 2720 889 2755 vidi
909 2722 1062 2756 tantum
1083 2731 1131 2756 ex
1156 2720 1344 2755 Armenia
1364 2720 1528 2755 Turcica
1546 2719 1597 2755 ad
1614 2719 1762 2754 radices
1783 2728 1893 2753 mon-

200 2765 249 2800 tis
271 2765 558 2857 Blingf‘iltlaghd
575 2767 648 2813 ΚΥ.
673 2777 753 2803 exs.
786 2767 856 2803 508
889 2768 963 2803 sub
995 2768 1034 2804 S.
1056 2767 1280 2813 natantes),
1307 2768 1348 2802 in
1369 2767 1679 2803 Transcaucasia
1708 2766 1757 2801 ad
1775 2766 1894 2801 l'iati-

200 2823 319 2858 gorsi
348 2822 357 2857 t
384 2816 517 2858 luycrn
559 2841 566 2848 .

248 2877 309 2911 Ar.
333 2878 464 2921 Geoqr.
494 2877 650 2924 Europa
667 2877 836 2914 borealis
858 2881 896 2914 et
910 2879 1040 2914 media
1060 2878 1109 2914 ad
1128 2878 1387 2918 Lusitaniam,
1426 2878 1662 2924 Hispaniam
1683 2879 1719 2912 et
1736 2876 1895 2912 ltaliam

199 2923 594 3007 ilitilefliiatzogegliitgncin
616 2926 890 2972 Danubialent,
928 2927 1128 2971 ssosniam‚
1150 2926 1341 2971 Set-biam,
1363 2925 1557 2971 Rossiain,
1577 2934 1712 2971 usquc.
1737 2924 1896 2968 Sibiria,

248 2984 260 3005 t
293 2982 314 3005 a
406 2983 450 3006 oa
484 2998 488 3003 .
507 2997 514 3006 .
