2062 3314
227 199 299 238 374
947 209 1195 236 GYPERACEAE
1733 197 1918 244 Cyperus.

231 285 424 329 nerviam
452 285 608 339 pallide
631 285 858 335 brunneis‚
883 285 1056 327 rachide
1077 285 1202 337 alata,
1229 284 1341 337 stylo
1367 282 1525 333 trifido,
1556 282 1715 326 nucula
1741 282 1924 336 oblonga

231 345 387 387 obtusa
410 344 626 398 triquetra
649 346 794 400 gluma
819 345 951 398 duplo
989 344 1190 387 breviore
1225 345 1284 390 Qt.
1311 342 1351 386 C.
1385 344 1595 384 venustus
1623 340 1709 384 ΚΦ.
1749 341 1852 395 Agr.
1878 355 1919 395 p.

231 404 286 445 68
307 401 411 458 (ηοη
437 403 489 444 R.
514 403 585 446 ΒΓ.
619 405 693 459 qui
727 405 768 447 C.
799 403 1041 447 exaltatam
1064 402 1169 444 Retz
1193 401 1342 457 sistit).
1370 425 1421 430 —
1458 400 1498 443 C.
1536 399 1772 443 subulatus
1810 399 1924 444 Book

231 461 359 505 Linn.
389 462 458 513 36,
486 474 526 515 p.
546 460 627 506 291
652 475 735 505 non
760 463 906 505 Steud.
928 487 984 493 —
1005 462 1044 504 C.
1067 461 1386 503 xanthocomus
1407 459 1518 501 Link
1539 459 1660 502 Hort.
1688 462 1722 509 l,
1745 459 1846 501 316.
1868 483 1926 488 —

230 519 272 561 C.
297 518 700 572 ornithopodzoides
730 522 871 564 Delile
904 522 1028 575 (teste
1058 522 1153 574 ipso
1191 519 1332 562 Delile
1364 518 1473 561 etcl.
1498 518 1700 561 Aschers.
1720 530 1773 559 ex
1796 517 1924 560 herb.

229 577 405 633 Delile.)
431 602 490 610 -
529 579 570 622 C.
606 580 768 623 Wiestii
790 580 940 623 Steud.
967 580 1109 623 Glum.
1136 593 1175 634 p.
1206 580 1259 621 35
1285 577 1358 632 (ex
1385 576 1435 619 cl.
1462 577 1709 619 Asclierson
1733 576 1919 629 benigna

227 638 649 694 communicatione).

277 711 379 747 Hah.
405 712 448 747 in
473 712 677 758 paludosis
704 716 742 748 et
770 713 820 748 ad
853 723 977 759 aquas
1004 711 1167 758 AEgypti
1196 709 1402 755 inferioris,
1435 708 1686 745 Alexandriae
1714 708 1921 754 (Duparql

229 759 449 804 Letournl),
478 759 649 795 Rosettae
687 760 880 805 (Ehrenb.
909 770 988 794 exs.
1017 759 1091 794 sub
1121 758 1160 795 C.
1191 757 1495 804 alopecurozde),
1529 756 1722 792 Damiatae
1756 755 1866 800 (Sieb
1885 757 1922 801 l),

229 816 353 853 prope
373 806 564 842 Kahiram
584 806 719 852 (Schw
731 809 768 851 !(.

261 870 340 924 ,Δικ
364 870 498 915 Geoqr.
523 870 655 906 Africa
678 870 836 917 tropica,
865 868 1086 915 Senegalia,
1114 867 1238 913 India,
1268 868 1383 903 Nova
1403 866 1634 910 Hollandia,
1656 865 1834 902 America
1850 868 1926 901 tro-

230 927 329 963 pica.

290 1028 357 1069 26.
381 1026 438 1071 C.
464 1027 822 1072 articulatus
850 1026 916 1082 (L.
948 1026 1019 1081 Sp.
1045 1026 1120 1081 66)
1146 1026 1368 1082 perennis,
1401 1026 1636 1068 rhizomate
1660 1024 1924 1074 stolonifero,

230 1086 383 1129 culmis
423 1087 584 1129 crassis
617 1087 739 1130 elatis
781 1086 994 1130 teretibus
1030 1087 1164 1139 septis
1204 1085 1469 1128 transversis
1506 1083 1793 1127 interstinctis
1833 1083 1925 1126 basi

231 1145 398 1199 vaginis
428 1146 679 1188 laxiusculis
715 1145 867 1188 obsitis
900 1146 1099 1198 aphyllis,
1133 1144 1322 1187 umbella
1358 1144 1593 1197 composita
1621 1142 1925 1185 *multiradiata

231 1205 366 1247 radiis
411 1205 715 1258 inaequalibus,
750 1204 973 1246 involucro
1004 1205 1056 1245 ad
1091 1216 1296 1258 squamas
1336 1203 1492 1245 breves
1530 1203 1736 1255 oblongas
1778 1205 1925 1244 acutas

232 1263 424 1306 reduct0.
450 1264 629 1317 spiculis
666 1263 717 1304 ad
745 1263 965 1306 radiorum
1004 1263 1165 1316 apicem
1200 1262 1457 1305 fasciculatis
1482 1264 1662 1314 anguste
1690 1260 1927 1303 linearibus

233 1322 443 1375 elongatis
467 1322 729 1372 multifloriS,
750 1323 908 1374 glumis
932 1322 1166 1364 imbricatis
1197 1321 1365 1364 tandem
1391 1321 1510 1374 apice
1531 1320 1689 1373 patulis
1711 1319 1927 1361 navicula-

233 1380 356 1424 ribus
379 1380 830 1433 oblongo-lanceolatis
865 1381 1034 1423 obtusis
1065 1382 1194 1423 dorso
1219 1380 1464 1423 virentibus
1492 1378 1754 1420 3-5-nerviis
1785 1378 1928 1420 lateri-

233 1439 316 1481 bus
341 1439 589 1483 stramineis
625 1440 691 1481 vel
729 1440 1090 1491 fuscescentibus,
1113 1439 1371 1482 staminibus
1403 1439 1540 1480 ternis
1573 1436 1925 1490 persistentibus,

231 1499 345 1551 stylo
385 1498 507 1551 longo
545 1498 704 1550 trifido,
738 1499 909 1542 rachide
946 1499 1139 1542 flexuosa
1177 1499 1304 1548 alata,
1345 1498 1503 1540 nucula
1544 1495 1727 1548 oblonga
1758 1496 1928 1547 trigona

233 1557 327 1600 basi
350 1559 571 1600 attenuata
593 1558 712 1610 apice
738 1560 989 1600 mucronata
1024 1559 1084 1603 Ql.
1110 1557 1150 1600 C.
1178 1556 1400 1599 Nilote‘cus
1424 1556 1577 1598 Forsk.
1603 1556 1755 1597 Descr.
1784 1555 1848 1596 13.

281 1630 381 1665 Hah.
410 1630 449 1665 in
485 1630 709 1677 paludibus,
743 1632 922 1678 Egyptus
957 1632 1118 1668 interior
1151 1632 1201 1667 ad
1240 1630 1525 1667 Alexandriam
1559 1629 1698 1677 (Gailll
1736 1629 1926 1675 Duparq!

235 1677 404 1713 Letourn
420 1680 448 1723 l)
472 1678 521 1713 ad
538 1678 712 1714 Ismailia
730 1679 918 1723 (Letourn
935 1681 971 1717 t).

281 1741 345 1779 Ar.
365 1741 499 1786 Geoqr.
523 1740 744 1787 Senegalia.
769 1741 905 1777 Africa
924 1742 1084 1788 tropica,
1104 1741 1228 1787 India,
1249 1740 1364 1778 Nova
1383 1739 1609 1786 Hollandia,
1636 1739 1814 1774 America
1831 1738 1925 1774 sub-

239 1788 389 1834 tropica
410 1791 446 1824 et
462 1789 623 1834 tropica.

292 1898 363 1940 27.
391 1896 443 1940 C.
482 1895 790 1952 diphyllus
816 1897 942 1949 (Retz
970 1897 1152 1940 Observ.
1179 1898 1218 1949 5,
1244 1910 1282 1950 p.
1320 1894 1393 1952 11)
1435 1895 1656 1950 perennis,
1691 1894 1926 1939 rhizomate

232 1956 499 2004 stolonifero‚
522 1956 675 1998 culmis
694 1957 854 1999 crassis
878 1957 1004 1999 elatis
1021 1956 1232 1999 teretibus
1254 1955 1493 2010 aequalibus
1523 1966 1601 1997 nec
1625 1954 1809 2007 septatis
1833 1954 1926 1997 basi

234 2015 399 2069 vaginis
427 2015 469 2056 in
497 2015 675 2058 limbum
700 2015 1160 2058 lineari-lanceolatum
1186 2014 1492 2057 brevissimum
1517 2013 1778 2056 abeuntibus
1812 2013 1926 2055 obsi-

232 2074 305 2125 tis,
326 2073 526 2116 umbellae
543 2075 789 2128 compositae
814 2074 944 2117 radiis
965 2075 1037 2116 7-9
1061 2074 1365 2129 inaequalibus,
1393 2073 1607 2116 involucri
1632 2071 1791 2125 phyllis
1809 2072 1924 2114 binis

234 2133 423 2175 umbella
467 2132 742 2175 brevioribus
781 2134 844 2175 vel
883 2134 1170 2185 brevissimis,
1198 2133 1377 2186 spiculis
1411 2133 1465 2175 ad
1502 2132 1725 2174 radiorum
1761 2131 1925 2184 apicem

232 2190 489 2234 brevissime
530 2192 706 2245 spicatis
739 2196 921 2244 anguste
958 2192 1196 2235 linearibus
1229 2191 1438 2244 elongatis
1481 2189 1742 2240 munitioris,
1766 2189 1925 2243 glumis

231 2249 468 2293 imbricatis
489 2251 684 2304 oblongIs
708 2251 875 2294 obtusis
909 2251 1233 2294 navicularibus
1258 2251 1387 2293 dorso
1418 2249 1663 2293 virentibus
1699 2248 1926 2290 trinerviis

236 2309 443 2351 lateribus
483 2310 639 2364 pallide
680 2310 909 2359 brunneis,
939 2311 1198 2353 staminibus
1226 2310 1382 2360 ternis,
1409 2310 1522 2363 stylo
1559 2308 1722 2358 trifid0‚
1752 2306 1926 2350 rachide

232 2367 429 2411 flexuosa
451 2370 576 2422 alata,
600 2370 789 2412 nucula..
818 2403 826 2411 .
863 2371 921 2415 Ἃ.
950 2370 994 2412 C.
1022 2369 1206 2421 Kaeniyii
1227 2369 1335 2412 Vahl
1357 2368 1512 2411 Enum.
1541 2368 1583 2418 2,
1613 2368 1712 2409 302.

281 2440 383 2478 Hah.
403 2443 443 2477 in
470 2442 672 2488 paludosis
692 2443 922 2489 Babyloniae
944 2443 992 2478 ad
1013 2444 1118 2490 ripas
1139 2443 1310 2489 Tigridis
1333 2442 1434 2488 (Noe'
1459 2441 1525 2477 117
1540 2443 1582 2487 t).

280 2505 404 2541 Valde
439 2505 569 2541 affinis
606 2505 646 2542 G.
686 2506 899 2542 articulato
935 2509 972 2542 et
998 2505 1253 2552 probabiliter
1291 2516 1339 2541 ex
1379 2505 1425 2541 cl.
1469 2505 1606 2540 Kunth
1645 2505 1683 2540 et
1727 2504 1924 2540 Bentham

233 2551 542 2634 {Sgffitssarietas
562 2553 700 2589 culmis
718 2563 797 2589 non
818 2556 1044 2589 transverse
1066 2554 1241 2599 septatis,
1257 2552 1363 2588 foliis
1378 2555 1417 2588 et
1432 2552 1640 2588 involucro
1655 2552 1776 2599 paulo
1795 2553 1922 2598 magis

280 2662 342 2697 Ar.
364 2661 497 2708 Geoqr.
514 2662 636 2709 India,
657 2663 770 2699 Nova
794 2662 1018 2699 Hollandia.

294 2771 365 2812 28.
392 2770 446 2814 C.
476 2770 749 2827 Papyrus
787 2771 854 2826 (L.
891 2771 962 2825 Sp.
999 2772 1071 2826 70)
1103 2771 1338 2815 rhizomate
1365 2783 1511 2814 crasso
1546 2773 1738 2824 repente.
1771 2770 1923 2812 culmis

234 2830 520 2872 crassissimis
558 2830 681 2873 valde
718 2830 841 2873 elatis
879 2831 969 2872 basi
1008 2830 1174 2883 vaginis
1199 2830 1436 2872 imbricatis
1460 2829 1645 2883 aphyllis
1671 2830 1737 2871 vel
1764 2829 1804 2870 in
1830 2829 1923 2870 lim·

237 2889 339 2932 bum
362 2889 446 2932 late
470 2893 512 2932 et
538 2890 732 2932 breviter
755 2891 1034 2932 lanceolatum
1065 2888 1326 2932 abeuntibus
1354 2888 1505 2931 obsitis
1529 2899 1721 2941 superne
1755 2888 1922 2943 trique-

235 2948 330 3001 tris,
379 2948 566 2991 umbella
611 2951 793 2994 nutante
823 2948 1091 3002 amplissima
1145 2948 1372 3002 aequaliter
1419 2946 1709 2990 multiradlata
1747 2949 1921 3001 patente
