2089 3246
100 205 325 254 Imperata.
838 212 1063 239 GRAMmEAE
1730 208 1800 244 45·ss

149 286 251 323 Hab.
274 287 314 322 in
334 285 511 321 arenosis
531 284 646 320 siccis
665 286 704 320 et
721 284 909 330 humidis,
933 286 982 321 ad
1007 285 1133 322 fossas
1164 287 1282 321 totius
1310 286 1471 321 ditionis
1504 298 1526 322 a
1561 290 1731 324 simmia!
1763 294 1799 325 et

102 331 357 371 Macedonia!
386 331 437 367 ad
467 341 577 378 prov.
603 331 982 368 Transcaucasicasl
1007 333 1195 378 Syriaml,
1226 333 1422 379 Egyptnm
1455 338 1491 368 et
1524 336 1608 380 eJus
1636 341 1759 371 masos
1777 339 1796 378 l,

101 381 292 418 Arabiam
325 380 532 427 petraeam!
571 378 831 424 Babyloniam
871 380 1025 424 (bloet),
1057 380 1232 415 Persian]
1268 380 1465 415 borealem
1503 385 1542 416 et
1588 385 1798 418 australem

101 428 247 474 (Aucti.
269 426 411 471 54521),
431 425 683 472 Affghaniam
703 426 874 472 (Gi-iffi),
900 427 1167 462 Belutscliiam
1195 426 1353 472 (Stocks
1370 429 1407 471 l).

152 501 214 536 Ar.
236 500 369 545 Geoqr.
392 498 513 545 Regio
529 497 817 534 Mediterranea
838 499 1005 545 Europae
1028 500 1066 534 et
1086 499 1229 535 Africae
1250 499 1430 543 borealis,
1447 500 1559 535 India
1581 502 1797 547 orientalis,

101 547 142 584 P.
164 547 208 583 B.
239 546 341 594 Spei,
361 546 477 582 Nova
496 545 726 590 Hollandia‚
745 547 937 582 America.

408 703 714 753 SAGGHARUM
751 704 895 766 (aaem.
926 708 967 752 et
993 704 1086 752 son.
1106 704 1216 766 Syst.
1247 704 1301 751 ιι.
1334 719 1374 766 p.
1404 704 1492 765 u).

160 841 349 896 Spiculae
387 841 429 882 in
477 840 675 884 articulis
718 841 988 882 ramulorum
1028 840 1240 894 paniculae
1275 841 1581 883 ramosissimis
1618 843 1800 893 geminae

102 900 239 943 altera
262 900 430 943 sessilis
451 900 588 943 altera
610 898 876 953 pedicellata‚
901 910 1052 942 omnes
1082 900 1247 941 fertiles
1274 899 1518 942 conformes
1547 901 1660 942 villis
1684 902 1804 943 invo-

102 961 280 1003 lucratae
325 959 504 1002 bissorae.
543 958 710 1004 Glumae
757 958 870 1000 binae
917 957 1193 1011 subaequales
1228 959 1419 1001 tenuiter
1465 959 1800 1001 membranacea}

103 1018 297 1062 flosculis
321 1018 552 1071 longiores.
578 1017 806 1061 Flosculus
837 1017 1020 1059 inferior
1054 1020 1211 1059 neuter
1255 1018 1607 1070 uniglumellatus
1641 1019 1799 1072 (inter-

103 1079 205 1121 dum
240 1077 483 1132 deficiens),
505 1076 712 1131 superior
742 1076 1128 1129 hermaphroditus
1151 1077 1356 1128 glumella
1392 1081 1434 1119 et
1463 1078 1583 1130 palea
1612 1078 1799 1119 tenuiter

101 1137 444 1180 membranaceis
480 1136 656 1179 muticis
682 1135 959 1189 inaequilatis.
985 1135 1235 1189 Squamulae
1271 1135 1383 1176 binae
1422 1136 1503 1177 sub
1546 1137 1665 1189 apice
1705 1137 1798 1177 9-3-

100 1196 221 1239 lobae.
250 1195 442 1239 Stamina
467 1196 560 1238 tria.
585 1194 694 1248 Styli
718 1195 742 1236 2
767 1194 966 1247 elongati,
992 1195 1192 1248 stigmata
1222 1195 1416 1248 plumosa
1443 1207 1574 1247 supra
1606 1195 1796 1237 medium

101 1254 332 1298 flosculum
369 1255 652 1308 emergentia.
685 1252 923 1307 Caryopsis
964 1253 1101 1296 libera
1142 1253 1459 1306 ovato-trigona
1500 1254 1584 1296 tiilo
1623 1254 1799 1295 basilari

101 1314 299 1367 oblongo.
350 1338 403 1343 —
455 1313 612 1357 Herbae
662 1313 785 1356 elatae
832 1313 1032 1366 panicula
1085 1311 1351 1365 amplissima
1408 1313 1532 1365 longe
1580 1316 1621 1354 ct
1668 1313 1799 1355 dense

102 1375 282 1416 sericea.

165 1483 198 1523 1.
227 1480 278 1524 S.
302 1480 452 1525 Sara
473 1480 634 1536 (Roxb.
671 1480 733 1522 Fl.
769 1479 863 1523 Ind-
899 1481 935 1531 Ι,
971 1479 1076 1535 249)
1103 1491 1297 1534 perenne
1324 1480 1604 1534 cespitosum‚
1644 1481 1799 1522 culmis

102 1539 227 1584 elatis
253 1540 406 1583 validis
427 1540 658 1587 teretibus,
686 1540 797 1582 foliis
824 1539 1201 1593 glaucescentibus
1227 1540 1376 1592 rigidis
1403 1539 1666 1592 longissimis
1711 1540 1800 1591 pla-

103 1599 315 1643 niusculis
360 1604 546 1654 anguste
591 1598 830 1642 linearibus
878 1598 1070 1651 margine
1122 1598 1404 1641 scaberrimis
1458 1610 1592 1641 nervo
1645 1597 1801 1639 subtus

102 1659 245 1702 valido
283 1659 394 1711 albo,
441 1659 642 1713 panicula
686 1657 982 1701 ramosissima
1026 1660 1247 1700 contracta
1295 1657 1529 1700 lanceolata
1576 1659 1799 1708 compacta

99 1717 517 1761 albo-hirsutissima
533 1718 627 1761 basi
648 1717 799 1770 vagina
814 1719 1014 1770 elongata
1031 1720 1074 1758 et
1091 1717 1266 1759 dilatata
1282 1716 1368 1758 folii
1388 1716 1583 1769 supremi
1603 1715 1799 1764 suffulta,

103 1777 292 1820 racbidis
317 1778 512 1820 articulis
536 1777 811 1820 brevissimis
837 1780 883 1819 ut
908 1780 950 1818 et
972 1776 1151 1830 spiculae
1177 1775 1419 1828 superioris
1443 1775 1662 1828 pedicellis
1682 1774 1799 1815 alno-

102 1835 431 1887 birsutissimis,
449 1836 609 1890 glumis
625 1835 1085 1889 oblongo-lanceolatis
1108 1835 1392 1877 acutiusculis
1415 1834 1543 1876 dorso
1570 1833 1666 1887 pilis
1693 1832 1800 1875 albis

102 1895 164 1938 eis
188 1896 446 1951 aeqnilongis
472 1896 732 1939 densissime
767 1895 939 1938 obsitis.
966 1894 1170 1948 glumella
1194 1898 1235 1935 et
1259 1894 1379 1948 palea
1401 1893 1560 1946 glumis
1590 1893 1661 1934 va
1703 1892 1799 1933 bre-

104 1955 300 1998 vioribus
321 1955 485 1998 teneris
505 1955 703 2008 margine
729 1954 885 1997 ciliatis
918 1955 979 2000 Ql.

149 2040 250 2076 Hab.
270 2040 313 2076 in
332 2039 437 2077 valle
458 2039 608 2076 Kuram
627 2039 851 2085 Affghaniae
871 2040 974 2075 inter
992 2038 1096 2074 Thal
1118 2040 1156 2074 et
1174 2038 1323 2073 Kurain
1344 2038 1394 2073 ad
1414 2048 1536 2083 aquas
1552 2037 1694 2081 (Aitcli.
1717 2047 1800 2071 exs.

102 2094 144 2124 n⁰
159 2087 246 2124 5461
269 2090 307 2123 et
326 2089 366 2124 in
388 2087 478 2123 coll.
503 2089 592 2123 mea
609 2092 650 2122 n⁰
677 2087 802 2132 4671).

148 2162 327 2209 Cespites
345 2162 447 2197 latos
463 2161 652 2200 formans.
671 2160 791 2196 culmi
809 2160 1065 2207 ali-pedales,
1082 2159 1267 2206 panicula
1282 2158 1433 2205 pedalis
1450 2161 1485 2193 et
1502 2158 1666 2201 longior.
1692 2156 1802 2191 Facie

100 2209 215 2245 valde
237 2209 368 2245 affinis
394 2208 588 2245 Erz'ancko
611 2208 815 2245 Ravennae
835 2209 903 2243 sed
925 2207 1126 2253 glumellae
1148 2208 1303 2242 mutio-„n
1338 2205 1533 2241 Saeclzari
1569 2207 1606 2239 ot
1637 2206 1800 2249 insuper

101 2256 286 2304 panicula
307 2257 434 2303 magis
454 2256 668 2292 densissora
689 2256 815 2302 magis
841 2256 959 2290 nivea
990 2254 1153 2301 spiculis
1183 2255 1308 2300 magis
1337 2252 1630 2310 approxiumtis.
1670 2252 1695 2286 S
1719 2252 1801 2285 wei-

104 2313 194 2340 nien
217 2303 345 2339 Aitch.
365 2309 407 2339 n⁰
426 2304 496 2339 467
520 2305 559 2339 in
578 2304 662 2349 ejus
684 2303 873 2349 Catalogo
891 2303 1027 2338 Journ.
1048 2302 1161 2337 Linn.
1183 2302 1268 2336 Soc.
1290 2301 1390 2342 xllx,
1414 2311 1449 2345 p.
1477 2300 1538 2334 191
1561 2299 1609 2333 ad
1632 2299 1670 2333 S.
1716 2298 1801 2341 ‘rif-

99 2350 208 2398 fichz'i
244 2351 407 2386 refertur
447 2350 518 2387 sed
550 2351 592 2386 in
620 2353 709 2385 mea
728 2349 959 2386 collectione
973 2360 1076 2384 unus
1091 2351 1128 2384 et
1143 2349 1244 2384 idem
1270 2359 1315 2383 ae
1334 2354 1374 2382 n⁰
1392 2347 1472 2382 5¹16.
1491 2346 1527 2382 S.
1546 2347 1650 2381 Nara
1677 2346 1800 2379 lloxb.

103 2401 289 2434 caeterum
308 2408 381 2444 ope
401 2398 486 2444 ejus
505 2397 710 2444 diagnosis
738 2398 870 2433 brevis
891 2400 1043 2432 tanturn
1073 2397 1167 2431 novi
1191 2399 1229 2431 et
1252 2395 1345 2430 huic
1373 2395 1545 2440 plantam
1568 2393 1800 2428 llrnliuicam

106 2445 305 2482 referendo
327 2445 373 2482 cl.
392 2444 599 2481 Aitchison
619 2448 776 2481 secutus
804 2454 906 2480 sum.

151 2511 213 2546 Ar.
232 2511 365 2556 Geoqr.
387 2510 513 2547 India.

167 2613 204 2653 2.
244 2611 294 2654 S.
327 2610 619 2655 Grlifithii
655 2610 835 2665 (Munro
877 2607 975 2650 Mss,
1018 2619 1071 2650 ex
1113 2606 1253 2648 Aitch.
1279 2604 1365 2646 Cat.
1401 2606 1443 2646 in
1482 2604 1635 2646 Journ.
1674 2601 1795 2641 Linn.

106 2670 200 2714 Soc.
241 2670 359 2719 xlx,
392 2683 430 2723 p.
472 2669 575 2724 191)
613 2681 822 2723 perenne,
866 2668 1022 2710 culmis
1058 2667 1184 2710 elatis
1228 2664 1382 2706 validis
1426 2663 1650 2707 teretibus,
1691 2660 1800 2701 soliis

103 2730 482 2784 glaucescentibus
515 2728 667 2782 rigidis
711 2727 977 2781 longissimis
1003 2722 1310 2779 'planiuseulis
1337 2726 1521 2774 anguste
1563 2719 1801 2762 linearibus

107 2790 301 2842 margine
329 2788 611 2831 scaberrimis
653 2799 788 2829 nervo
837 2786 994 2828 subtus
1038 2784 1176 2825 valido
1220 2783 1333 2829 albo,
1363 2781 1556 2834 panicula
1599 2778 1801 2820 ramosis-

106 2848 214 2890 sima
254 2850 474 2891 contracta
513 2847 750 2889 lanceolata
775 2845 1064 2888 albo-hirsuta
1102 2843 1235 2885 ramis
1269 2841 1450 2886 strictis,
1477 2838 1662 2880 recludis
1698 2837 1802 2876 arti-

106 2907 215 2950 culis
245 2907 531 2961 longiusculis
564 2910 607 2949 et
646 2905 825 2960 spicula}
855 2903 1077 2958 pedicellis
1103 2901 1276 2954 parcius
1307 2899 1500 2943 hirsutis.
1523 2896 1682 2946 muniis
1711 2896 1798 2960 lan-

105 2965 283 3009 ceolatis
323 2965 583 3010 acuminatis
617 2964 747 3007 dorso
786 2964 885 3018 pilis
924 2963 987 3004 eis
1028 2958 1391 3004 subbrevioribus
1420 2957 1590 3010 parcius
1625 2954 1797 2999 obsum,
