2062 3314
250 178 322 215 476
1000 179 1229 206 GRAMmEAE
1701 165 1951 203 Heleochloa.

253 261 509 304 distinctum
544 256 611 300 axi
641 254 878 309 cylindrica
901 266 982 296 nec
1010 253 1262 305 disciformi,
1285 251 1466 296 flosculo
1497 253 1544 294 ut
1579 250 1623 293 in
1654 249 1788 292 Phleo
1826 262 1957 304 supra

252 321 423 375 glumas
449 316 692 368 articulato,
717 313 839 368 palea
869 313 1038 355 binervi
1068 325 1148 355 nec
1177 312 1393 355 uninervi.

319 443 358 484 1.
385 439 451 483 H.
467 433 845 481 schoenoides
861 433 926 489 (L.
954 432 1026 487 Sp.
1046 434 1101 476 88
1117 432 1200 475 sub
1220 430 1368 486 Plcleo)
1387 443 1531 474 annua
1552 431 1780 485 cespitosa‚
1805 430 1957 472 culmis

255 498 444 544 ramosis
467 494 727 548 compressis
751 495 794 535 in
813 494 963 535 orbem
984 492 1207 545 expansis,
1229 491 1342 532 foliis
1365 490 1528 543 glaucis
1549 490 1790 532 linearibus
1811 493 1964 543 paten-

258 560 377 603 tibus
404 554 671 603 acuminatis,
699 553 980 607 superiorum
1003 551 1169 604 vaginis
1204 549 1392 592 dilatatis
1419 549 1599 603 apertis,
1626 549 1756 602 spicis
1793 547 1964 590 densis-

257 618 383 661 simis
411 612 756 665 ovato-oblongis
790 611 904 654 foliis
948 611 1022 651 1-92
1066 609 1365 657 involucratis‚
1397 608 1564 660 vaginis
1599 607 1787 650 dilatatis
1815 607 1969 648 abbre-

260 677 405 726 viatis,
431 673 590 727 glumis
613 672 751 714 aculis
779 674 847 721 O.
880 668 1137 711 Helecolcloa
1162 666 1430 709 schoenoz'dcs
1456 666 1564 710 Host
1612 665 1759 708 Gram.
1806 666 1962 708 Austr.

261 735 347 779 tab.
373 735 442 777 40.
475 756 521 762 —
554 729 730 784 Crypsis
767 727 1036 770 schoeuoides
1078 726 1196 769 Lam.
1234 726 1295 767 Ill.
1333 726 1362 776 I,
1399 727 1495 773 166,
1530 727 1618 768 tab.
1645 727 1716 779 42,
1742 725 1818 766 fili.
1850 727 1883 766 1.
1911 747 1968 754 —

262 792 474 838 Phalaris
508 788 776 842 vaffl'niflora
814 788 900 830 Sin.
946 787 1098 829 Prodr.
1121 787 1153 838 Ι,
1183 786 1252 827 38.
1282 809 1332 815 ——
1369 784 1411 827 C.
1450 783 1624 826 Niliaca
1659 784 1743 837 Fig.
1788 787 1831 826 et
1870 782 1968 825 Not.

265 853 440 907 Agrost.
469 850 644 903 AEgypt.
672 848 839 901 Fragm.
864 845 915 897 ΙΙ,
947 859 987 900 ρ,
1010 847 1050 891 6,
1067 845 1135 898 fig.
1156 847 1198 886 4.

315 927 417 962 Hab.
436 927 475 961 in
495 924 673 960 humidis
695 923 773 957 fere
802 921 924 956 totius
954 920 1122 956 ditionis
1156 931 1179 956 a
1202 919 1403 965 Zacyntho
1434 919 1612 965 (Margi),
1640 919 1756 955 Creta
1776 917 1973 962 (Heldr!)›

266 973 501 1012 Macedonia
520 971 668 1015 (Frivl)
689 970 736 1004 ad
760 979 867 1015 prov.
899 969 1135 1004 Caucasicas
1173 968 1243 1011 (M.
1267 967 1310 1001 Β.
1340 966 1484 1010 Hohl),
1515 966 1672 1011 Syriam
1698 965 1911 1001 littoralem
1937 968 1975 1000 et

266 1022 467 1059 Libanum
484 1019 596 1063 (ΒΗ),
617 1018 851 1062 Egyptum!‚
873 1016 1133 1061 Babyloniam
1149 1015 1281 1061 (Noe),
1297 1014 1474 1049 Persiam
1487 1013 1631 1057 (Auch.
1647 1013 1791 1058 54592),
1812 1012 1974 1058 Affgha-

269 1070 380 1105 niam
401 1066 682 1103 occidentaiem
703 1065 857 1109 (Egel).

317 1134 378 1168 Ar.
410 1133 543 1175 Geoqr.
571 1129 730 1173 Europa
757 1126 968 1162 australior
995 1137 1018 1161 a
1039 1125 1171 1161 Gallia
1188 1124 1422 1161 occidentali
1447 1127 1485 1160 et
1514 1124 1679 1160 australi
1711 1123 1760 1159 ad
1791 1123 1973 1159 Rossiam

273 1179 490 1216 australem
513 1180 550 1212 et
570 1175 756 1210 Sibiriam
784 1174 992 1219 Altaffiam,
1011 1174 1141 1209 Africa
1161 1172 1343 1208 borealis

332 1291 371 1331 Ξ.
396 1288 462 1331 Η.
496 1282 949 1340 alopecuroides
981 1282 1181 1337 (Schrad.
1207 1281 1354 1324 Germ.
1378 1282 1414 1330 1,
1449 1295 1489 1335 p.
1531 1283 1609 1324 167
1636 1282 1718 1324 sub
1748 1281 1977 1336 Crypside)

270 1360 415 1392 annua
465 1345 694 1398 cespitosa,
741 1344 895 1386 culmis
940 1342 1298 1395 subsimplicibus
1354 1341 1976 1394 geniculato-ascendentibus,

273 1408 388 1451 foliis
431 1403 809 1460 glaucescentibus
857 1405 1040 1455 auguste
1080 1401 1318 1444 linearibus
1373 1400 1632 1443 acuminatis
1686 1401 1883 1453 margine
1939 1403 1981 1442 ot

274 1477 469 1521 superne
495 1463 681 1517 asperis,
705 1462 873 1514 vaginis
897 1461 1148 1514 cylindricis
1192 1472 1274 1503 non
1302 1460 1506 1507 dilatatis.
1532 1459 1664 1512 spicis
1705 1459 1980 1502 densissimis

275 1525 476 1577 oblongis
502 1522 568 1565 vel
600 1522 761 1575 saepius
787 1520 1038 1574 cylindricis
1072 1520 1282 1571 elongatis
1312 1520 1402 1561 basi
1437 1519 1673 1562 attenuatis
1712 1531 1826 1573 saepe
1856 1519 1983 1572 nigri·

275 1584 478 1629 cantibus
501 1595 524 1624 a
554 1582 708 1633 vagina
742 1581 947 1632 suprema
984 1592 1066 1621 non
1111 1579 1285 1620 dilatata
1320 1579 1482 1632 saepius
1519 1579 1708 1622 remotis.
1747 1578 1905 1631 glumis
1940 1581 1985 1619 et

276 1642 481 1698 glumclla
524 1644 684 1694 praeter
719 1640 908 1683 carinam
947 1638 1130 1680 ciliatam
1169 1637 1476 1689 glabriusculis
1518 1636 1717 1689 oblongis
1763 1637 1985 1680 obtusius-

276 1703 386 1745 culis
427 1699 803 1754 subinaequalibus
848 1702 912 1748 O.
963 1698 1071 1739 Host
1119 1697 1266 1738 Grain.
1313 1698 1398 1739 tab.
1447 1697 1517 1737 29.
1561 1695 1788 1738 -—-'Rchb.
1834 1696 1981 1739 Germ.

276 1762 347 1815 fig.
372 1761 472 1802 470.
493 1783 543 1789 ——
570 1759 665 1801 Del.
691 1759 764 1811 Eg.
791 1756 862 1799 tab
907 1759 947 1798 9.
981 1780 1035 1785 -
1062 1755 1269 1798 Phalaris
1293 1755 1544 1808 geniculata
1570 1753 1657 1797 Sm.
1686 1755 1838 1797 Prodr.
1865 1755 1896 1798 l.
1917 1755 1985 1796 38.

282 1846 332 1850 -—-
375 1820 446 1862 Cr.
473 1817 759 1871 plealaroz'des
794 1817 846 1857 M.
890 1816 934 1856 Β.
972 1815 1102 1857 Taur.
1137 1816 1264 1858 Cauc.
1298 1816 1330 1868 1,
1371 1828 1407 1868 p.
1439 1812 1511 1856 45.
1539 1838 1599 1845 —
1639 1815 1680 1857 C.
1722 1816 1987 1869 AEyyptz‘aca

279 1880 450 1921 Tanseh
485 1879 610 1921 Flora
641 1878 757 1925 1834,
777 1889 817 1930 p.
852 1875 963 1929 120).
983 1874 1198 1927 (Variatio
1228 1875 1377 1927 vagina
1403 1876 1608 1929 suprema
1640 1874 1983 1930 subdilatata)—-

279 1939 370 1992 Fig.
391 1943 434 1982 et
456 1938 554 1980 Not.
580 1938 650 1991 lig.
677 1938 715 1977 5

329 2011 435 2047 Hab.
457 2012 498 2047 in
518 2011 650 2055 fossis,
672 2009 797 2054 cultis,
821 2009 871 2043 ad
891 2008 990 2052 vias
1011 2007 1242 2042 Macedonia
1263 2007 1374 2050 (Friv
1389 2008 1426 2051 l),
1451 2007 1640 2044 Anatolia
1673 2008 1925 2044 occidentalis
1953 2011 1990 2044 et

278 2059 418 2094 Cilicia
441 2059 582 2103 (Peri),
605 2058 797 2092 Cataonia
816 2055 993 2100 (Haussk
1008 2056 1045 2099 l),
1068 2054 1249 2100 Egyptus
1267 2054 1394 2098 (Siebl
1417 2054 1576 2099 Boiss!)‚
1597 2055 1814 2101 Babylonia
1833 2055 1933 2099 (Noe
1948 2057 1989 2101 ἔ),

281 2106 544 2141 Kurdistania
566 2105 723 2140 Persica
745 2103 974 2145 (Hausskl),
998 2111 1106 2147 prov.
1129 2102 1352 2137 Caucasicae
1371 2101 1563 2145 (Ledeblj.
1596 2102 1759 2149 Quoque
1788 2103 1830 2138 in
1858 2103 1988 2138 subal-

280 2154 389 2199 pinis
427 2154 553 2188 forma
574 2162 678 2187 nana
707 2152 824 2196 spicis
853 2149 1108 2193 abbreviatis,
1135 2149 1309 2184 Libanus
1337 2151 1436 2184 inter
1467 2149 1596 2185 Hadet
1618 2152 1655 2185 et
1689 2150 1845 2185 Dimam
1875 2150 1990 2195 (Bu),

285 2211 400 2236 mons
423 2201 655 2236 Masmeueu
675 2198 934 2244 Cappadociae
956 2196 1045 2241 (Bal
1061 2197 1098 2240 l).
1118 2196 1174 2230 Fl,
1197 2195 1291 2230 AEst.

333 2265 396 2299 Ar.
415 2265 551 2308 Geoqr.
567 2261 699 2298 Gallia
720 2260 904 2296 australis
924 2260 957 2294 ei
974 2258 1189 2304 orientalis,
1204 2259 1418 2305 Lusitania,
1433 2260 1603 2304 Austria,
1613 2260 1720 2306 regio
1741 2260 1990 2307 Danubialis,

283 2311 318 2347 1⁴.
333 2311 414 2356 ilia,
433 2310 582 2355 Sicilia,
605 2310 745 2345 Rossia
766 2307 962 2351 australis,
985 2306 1142 2352 Sibiria,
1164 2306 1296 2342 Africa
1317 2307 1506 2342 borealis.

345 2427 385 2468 3.
409 2426 474 2468 H.
509 2424 914 2480 acutiqlumis,
950 2437 1092 2465 annua
1117 2424 1348 2477 cespitosa‚
1373 2424 1527 2467 culmis
1549 2425 1820 2479 simplicibus
1846 2426 1992 2481 patule

286 2486 559 2541 geniculatis,
587 2485 696 2526 foliis
723 2483 1102 2536 glziucescentilius
1130 2483 1369 2525 linearibus
1393 2485 1650 2527 acuminatis
1675 2497 1809 2538 supra
1851 2486 1994 2527 hirsu-

287 2546 357 2595 tis,
384 2544 550 2597 vaginis
576 2543 757 2585 hirsutis
787 2554 870 2583 non
897 2542 1101 2587 dilatatis.
1127 2543 1259 2596 spicis
1289 2542 1562 2585 densissimis
1587 2544 1710 2597 longe
1745 2544 1993 2596 cylindricis

288 2618 311 2646 a
346 2604 500 2655 vagina
524 2602 753 2655 superiore
773 2601 1111 2651 remotiusculis,
1133 2602 1292 2654 glumis
1310 2601 1602 2656 glumellaque
1626 2603 1688 2644 eis
1713 2602 1993 2656 sublongiore

290 2663 454 2706 sensim
490 2660 1000 2704 attenuato-acutissimis
1029 2661 1175 2702 cai-Ina
1197 2661 1365 2713 asperis
1391 2666 1595 2703 caeterum
1618 2661 1778 2714 glabris
1812 2666 1876 2712 Q).

339 2736 440 2771 Hal).
470 2735 509 2770 in
530 2735 690 2779 regione
709 2734 919 2779 subalpina
939 2733 1081 2769 Libani
1108 2734 1211 2769 infra
1232 2734 1442 2770 Cedretum
1471 2734 1602 2770 Hadet
1632 2735 1671 2769 in
1704 2735 1819 2770 alveo
1841 2736 1942 2770 sicco
1961 2737 1999 2770 ct

290 2782 673 2876 {gcssaxlffinziawnobin
694 2781 770 2826 (Bl.
791 2781 903 2816 38462
923 2783 960 2816 et
977 2781 1070 2816 3847
1087 2783 1128 2826 l),
1149 2783 1187 2816 in
1207 2784 1341 2816 monte
1359 2782 1481 2818 Gebel
1504 2781 1650 2817 Kenisa
1672 2792 1792 2828 supra
1820 2782 1992 2827 Felugha

340 2894 403 2930 Ab
440 2892 549 2928 affini
585 2891 628 2927 H.
661 2891 937 2937 alopecuroz'de
961 2891 1106 2936 glumis
1143 2893 1181 2927 et
1215 2891 1414 2937 glumellis
1446 2892 1688 2928 acutissimis
1721 2894 1781 2928 sat
1813 2892 1997 2928 distincta

292 2942 469 2985 videtur3
488 2941 604 2986 spicae
623 2939 687 2975 1³2
705 2939 868 2985 pollices
885 2939 1012 2984 longae
1034 2939 1159 2974 rarius
1183 2940 1381 2975 breviores
1403 2941 1549 2976 tenues
1571 2939 1815 2976 strictissorae.
