2062 3314
230 218 304 257 580
980 229 1205 261 cmmmsffl
1683 221 1932 268 Erayrostar.

666 404 983 456 suaanosrls
1015 406 1076 468 (r.
1113 405 1241 454 ‹le-n.
1279 406 1377 467 ΑΨ.
1419 404 1509 467 70).

295 535 483 592 Spiculae
528 533 845 590 pedicell‘ataea
884 533 1020 592 latere
1061 535 1343 589 complanatae
1390 534 1700 587 3·m11ltitlorae,
1742 535 1940 582 flosculis

235 596 418 638 distiche
436 595 678 637 imbricatis
699 593 1080 649 hermaphroditis,
1098 595 1168 636 axi
1189 595 1467 647 persistente.
1482 594 1650 637 Glumae
1675 594 1785 637 binae
1802 608 1939 639 mem—

234 654 460 697 branaceae
482 654 686 696 carinatae
728 654 968 696 uuinerves
1003 652 1183 695 flosculo
1222 653 1419 706 proximo
1452 653 1691 696 breviores.
1724 652 1940 698 Glumella

235 718 279 758 et
305 715 424 768 palea
443 713 614 755 mutieae
636 712 976 761 membranaceas
1001 711 1073 754 illa
1097 712 1239 754 valide
1254 713 1465 755 trinervia
1482 714 1941 765 concavo-ventricosa

236 774 426 815 carinata
453 784 535 813 una
577 783 674 813 cum
703 771 961 826 caryopside
988 769 1181 822 decidua,
1210 773 1329 824 palea
1362 771 1600 814 bicarinata
1626 771 1870 827 saepissime
1896 773 1941 816 in

237 832 413 874 rachide
442 830 609 874 diutius
637 830 892 883 persistens.
922 829 1170 885 Squamulae
1191 830 1304 873 binae
1332 830 1510 874 minutae
1536 831 1703 874 obtusae
1726 832 1793 872 vel
1819 834 1944 875 trun-

236 894 353 933 catae.
383 889 593 932 Ovarium
616 889 832 943 glabrum.
857 887 967 946 Styli
1011 888 1101 931 bini
1143 890 1395 932 terminales
1436 890 1713 943 longiusculi,
1741 890 1943 942 stigmata

237 949 434 991 breviter
476 949 675 1001 plumosa
712 948 952 992 lateraliter
988 945 1043 990 ad
1083 947 1206 992 basin
1241 948 1362 991 ssoris
1405 948 1684 1003 emergentia.
1709 947 1946 1004 Caryopsis

237 1007 667 1051 ovato-subrotunda
692 1007 754 1049 vel
779 1006 1174 1061 oblongo-elliptica
1206 1020 1292 1051 non
1316 1009 1597 1051 canaliculata
1620 1007 1789 1056 macula
1817 1008 1943 1060 hilari

239 1066 520 1122 punctiformi
562 1069 705 1109 notata
745 1064 893 1109 libera.
925 1090 972 1095 —
1017 1066 1172 1111 Herhae
1197 1078 1354 1108 annuae
1387 1067 1456 1109 vel
1490 1078 1722 1121 perennes,
1762 1067 1943 1122 spiculis

240 1125 494 1180 parvissoris
519 1126 562 1168 in
590 1125 834 1179 paniculam
863 1124 1046 1168 effusam
1084 1127 1152 1168 vel
1176 1126 1383 1180 spicatam
1407 1126 1647 1180 dispositis.

283 1263 409 1307 SECT.
430 1264 461 1306 I.
487 1262 931 1307 EUERAGROSTIS.
960 1288 1015 1294 -
1046 1264 1173 1307 Palea
1206 1263 1412 1317 glumella
1443 1265 1622 1319 delapsa
1649 1265 1692 1306 in
1720 1260 1899 1308 racliide

869 1322 1032 1366 diutius
1066 1324 1323 1378 persistens.

899 1416 911 1428 '
937 1414 1098 1462 Species
1124 1426 1280 1451 annuae.

772 1498 814 1539 -Ι-
840 1496 961 1532 Palea
986 1496 1036 1532 ad
1055 1497 1208 1532 carinas
1234 1497 1426 1533 scabrida.

306 1604 345 1645 1.
372 1599 427 1642 Ε.
463 1597 765 1654 poaeoides
800 1598 865 1653 (P.
906 1598 958 1641 de
992 1599 1040 1641 B.
1081 1598 1184 1652 Agr.
1219 1598 1292 1654 71)
1330 1611 1475 1642 annua
1512 1599 1656 1642 rarius
1685 1611 1950 1653 perennans,

243 1661 398 1705 culmis
426 1659 583 1702 erectis
622 1659 687 1700 vel
723 1658 1342 1710 geniculato-ascendenubas,
1372 1659 1485 1700 foliis
1517 1658 1756 1701 linearibus
1795 1659 1949 1712 planis,

243 1720 413 1774 vaginis
439 1718 590 1772 pilosis
613 1731 686 1761 ore
705 1717 914 1769 barbatis,
937 1717 1149 1771 panicula}
1173 1717 1352 1771 aequalis
1376 1718 1563 1770 patentis
1597 1717 1950 1772 oblongae·ramis

245 1778 456 1834 solitariis
495 1778 676 1821 alternis
716 1777 1018 1830 longiusculis‚
1044 1776 1265 1829 pedicellis
1307 1776 1588 1831 capillarihus
1616 1777 1951 1830 divergeutibus

245 1839 409 1894 spicula
439 1837 733 1884 brevioribus,
757 1836 937 1890 spiculis
957 1839 1141 1890 anguste
1166 1835 1668 1878 lanceolam-linearibus
1687 1835 1950 1883 Sao-floris,

243 1897 449 1951 glumella
482 1897 670 1952 elliptica
701 1897 859 1939 obtusa
896 1906 1031 1938 nervo
1074 1894 1241 1937 laterali
1272 1894 1414 1936 valido
1440 1899 1504 1945 O.
1540 1921 1595 1926 —
1630 1894 1764 1937 Rehb.
1800 1893 1951 1937 Germ.

246 1958 318 2012 fig.
346 1957 445 1999 427.
478 1979 536 1986 —
563 1957 654 1998 Poa
680 1954 938 2006 Eraqrostis
963 1953 1005 1997 L.
1033 1954 1104 2008 Sp.
1133 1956 1226 1996 100.
1249 1977 1302 1985 -
1326 1953 1595 1997 HostGram.
1619 1953 1673 2004 ΙΙ,
1699 1954 1784 1996 tab.
1802 1955 1875 1997 69.
1896 1977 1948 1984 —

248 2016 389 2058 Briza
411 2016 672 2068 Eraffloste's
699 2014 816 2058 Desf.
841 2025 926 2057 non
948 2012 994 2056 L.
1025 2037 1062 2044 -
1095 2013 1145 2057 E.
1163 2013 1362 2065 vulgares
1388 2026 1479 2055 var.
1497 2012 1813 2066 microstackya
1831 2012 1952 2057 Coss.

247 2079 291 2118 et
319 2074 465 2117 Germ.

299 2149 401 2184 Hab.
424 2149 465 2183 in
483 2148 597 2184 cultis
617 2149 655 2184 et
673 2147 850 2183 herbidis
872 2146 993 2182 totius
1017 2145 1179 2181 ditionis
1200 2156 1223 2181 a
1254 2146 1427 2181 Graecia!
1462 2145 1512 2181 ad
1543 2145 1744 2192 Egyptum
1773 2144 1899 2189 (Bove
1913 2145 1953 2191 l),

251 2196 444 2232 Arabiam
464 2199 636 2242 petreum
657 2196 849 2241 (Schimp.
869 2194 991 2239 2661),
1007 2193 1260 2238 Affghaniam
1283 2192 1449 2240 (Griffl).

295 2258 356 2293 Ar.
379 2259 512 2303 Geoqr.
533 2259 696 2303 Europa
719 2257 850 2293 media
868 2260 906 2292 et
931 2256 1119 2292 australis
1144 2266 1168 2291 a
1199 2256 1348 2301 Belgio,
1383 2256 1513 2292 Gallia
1542 2256 1672 2292 media
1704 2258 1742 2292 et
1774 2254 1953 2300 australi,

248 2303 464 2341 Germania
482 2305 532 2340 ad
553 2305 736 2340 Rossiam
756 2304 941 2344 mediani,
962 2303 1110 2339 Sibiria
1136 2303 1301 2348 Altaiea,
1324 2303 1437 2340 India
1469 2303 1684 2349 orientalis,
1709 2302 1858 2340 Insulae
1883 2302 1955 2344 Ca-

247 2353 462 2398 narienses,
483 2352 616 2388 Africa
636 2351 822 2388 borealis.

310 2455 350 2499 2.
376 2453 431 2495 E.
455 2452 888 2509 megastachya
917 2451 1048 2506 (Link
1084 2451 1206 2494 Hort.
1240 2452 1383 2495 Berol.
1416 2451 1447 2500 Ι,
1482 2452 1581 2507 187)
1611 2464 1768 2500 annua,
1799 2451 1955 2495 culmis

248 2512 869 2567 genienlato-ascendentibus,
894 2512 1009 2554 foliis
1047 2512 1301 2563 linearibus,
1331 2510 1497 2564 vaginis
1531 2523 1606 2554 ore
1643 2511 1807 2565 pilosis,
1833 2509 1957 2564 pani-

249 2573 358 2616 culae
397 2572 742 2624 ovato-oblongae
785 2571 963 2625 aequaliS
1001 2571 1134 2612 ramis
1182 2571 1343 2625 saepius
1380 2570 1589 2613 solitariis
1627 2571 1810 2612 alternis
1856 2569 1955 2612 bre-

249 2630 456 2681 vissimis,
494 2630 718 2685 pedieellis
766 2630 935 2683 spicula
964 2630 1101 2672 multo
1144 2629 1435 2677 brevioribus,
1469 2630 1650 2683 spiculis
1689 2628 1954 2671 {asciculatis

251 2689 318 2732 vel
343 2690 552 2732 solitariis
579 2689 947 2742 lineari-oblongis
974 2689 1267 2741 15-020-ss0ris,
1291 2688 1496 2742 glumella
1518 2688 1702 2741 oblonga
1722 2688 1787 2730 vel
1807 2688 1957 2729 retusa

250 2760 368 2803 saepe
389 2750 690 2792 mucronulala
710 2760 846 2791 nervo
876 2748 1041 2790 laterali
1067 2748 1208 2790 valido
1236 2752 1299 2798 Θ.
1331 2745 1464 2789 Rchb.
1489 2746 1643 2789 Germ.
1678 2747 1746 2800 sig.
1770 2747 1873 2788 426.
1900 2769 1955 2777 -—

250 2806 344 2849 Poa
366 2807 624 2860 Erayroste's
653 2807 716 2850 Fl.
744 2805 818 2849 Gr.
845 2807 935 2849 tab.
966 2808 1038 2849 73.
1063 2829 1118 2838 -
1155 2806 1299 2848 Brisa
1328 2805 1587 2857 Erayrostis
1620 2805 1666 2848 L.
1694 2806 1737 2847 S.
1770 2805 1869 2846 103.
1901 2828 1956 2834 —-

250 2864 302 2907 E.
326 2866 527 2917 vulparia
549 2880 638 2909 var.
666 2865 975 2918 meyastaclzya
1000 2865 1120 2907 Coss.
1143 2870 1185 2908 et
1208 2865 1356 2906 Germ.
1375 2888 1429 2894 -—
1447 2865 1496 2907 E.
1518 2864 1661 2917 major
1678 2864 1786 2907 Host
1805 2862 1952 2905 Gram.

250 2926 336 2968 tab.
375 2926 442 2967 24.
481 2949 535 2955 ——
580 2926 666 2968 Poa
692 2924 938 2977 wialtvflora
976 2924 1136 2966 Forsk.
1174 2924 1321 2968 Descr.
1364 2937 1406 2976 p.
1441 2922 1509 2966 2¹1.
1540 2948 1594 2955 -—
1622 2923 1672 2965 E.
1711 2921 1957 2975 multiflora

250 2983 458 3027 Aschers.
