2089 3246
106 211 262 259 Tulipa.
848 221 1047 248 utamur:
1730 217 1804 255 195

147 290 246 326 Hah.
265 290 302 326 in
325 288 634 326 Transcaueasia
665 290 712 326 ad
742 291 985 328 Sclieinaclia
1011 302 1130 339 prope
1163 292 1274 328 Baku
1303 292 1490 339 (Eichler,
1520 294 1724 343 Bayernt),
1756 299 1796 334 in

97 336 240 373 Persia:
261 340 395 373 monte
417 337 583 373 Kohrud
604 348 727 384 prope
751 339 929 375 Kaschan
949 340 1150 386 (Kapherr
1165 341 1201 385 l).

143 402 280 438 Caulis
307 402 592 449 sesquipedalis
615 406 651 438 et
673 403 837 449 longior,
873 404 967 440 folia
995 405 1111 451 longa
1133 406 1284 440 inferne
1308 405 1375 440 vix
1397 406 1582 451 pollicem
1614 408 1703 453 lata,
1726 410 1798 446 ssos

92 449 378 496 magnitudinis
403 449 444 485 Ί.
465 451 652 496 proecocz's
668 460 692 484 a
710 454 787 497 quai
807 456 848 487 ut
866 455 902 487 et
928 463 948 487 a
983 451 1022 488 T.
1047 452 1186 488 Oculus
1212 452 1314 489 Solis
1341 453 1484 489 tunicis
1504 456 1611 501 apice
1637 459 1790 494 tantum

98 497 244 543 pilosis,
266 497 490 544 pedunculo
513 497 634 533 dense
652 498 846 544 puberulo
869 499 1138 546 distinguitur.

153 601 191 642 9.
230 599 285 642 Τ.
333 599 690 644 suaveolens
713 599 846 655 (Roth
887 600 1015 645 Catal.
1063 603 1094 652 1,
1122 602 1199 655 45)
1227 601 1358 643 bulbo
1397 602 1604 646 mediocri
1636 606 1796 650 tunicis

93 659 305 702 castaneis
332 660 451 713 apice
487 659 700 713 pilosulis‚
732 661 854 703 caule
887 660 1039 703 humili
1070 661 1401 716 pedunculoque
1430 662 1793 717 pubescentibus,

92 719 202 761 soliis
227 720 301 761 3-4
323 719 376 761 ad
409 718 542 762 caulis
566 718 686 760 basin
724 719 928 762 consertis
956 720 1120 773 glaucis
1149 721 1566 774 erecto-patentibus
1594 722 1794 776 planius-

91 779 199 820 culis
227 780 376 821 florem
405 778 682 831 aequantibus
707 779 770 820 vel
796 780 1107 832 superantibus
1150 779 1433 822 inferioribus
1468 781 1549 823 late
1586 781 1793 836 elliptico·

93 838 341 880 lanceolatis
379 837 545 879 czeteris
581 838 923 890 angustioribus,
957 838 1063 881 llore
1103 851 1255 892 magno
1300 841 1601 893 campanulato
1631 842 1794 896 phyllis

91 898 263 939 tandem
303 895 616 952 patentissimis
653 897 848 940 obovatis
885 897 950 939 vel
975 899 1436 953 elliptico-lanceolatis
1463 900 1631 943 obtusis
1657 902 1792 944 inter·

90 956 192 999 (lum
212 956 406 1000 breviter
425 955 652 1009 apiculatis
678 958 887 999 coccineis
911 957 1131 1000 interdum
1156 959 1542 1011 ssavo-marginatis
1561 960 1624 1002 vel
1652 962 1792 1004 varie-

87 1016 210 1068 gatis,
238 1016 466 1058 lilamentis
491 1016 654 1068 glabris
693 1017 873 1059 anthera
916 1017 1202 1066 brevioribus,
1227 1018 1425 1070 stigmate
1461 1020 1608 1061 ovario
1642 1021 1793 1062 latiore

93 1080 130 1121 26
165 1075 216 1117 Ic.
248 1074 342 1117 Bot.
372 1075 475 1127 Mag.
503 1075 589 1117 tab.
616 1076 713 1117 839.
738 1100 780 1105 -
822 1076 926 1117 Red.
951 1076 1032 1119 Lil.
1063 1076 1146 1119 tab.
1181 1076 1251 1119 ΙΙΙ.
1288 1082 1344 1124 36.
1391 1077 1430 1119 Τ.
1466 1078 1652 1130 pume'le‘o
1687 1078 1788 1122 Lob.

133 1149 235 1184 Hah.
258 1150 299 1184 in
319 1150 549 1194 Tau1·ia(ex
573 1149 708 1195 Stev.)‚
729 1150 769 1185 in
788 1150 964 1186 Caucaso
984 1151 1053 1195 (ex
1077 1151 1244 1197 Regel.).

132 1213 195 1248 Ar.
222 1214 356 1259 Geoqr.
385 1213 528 1249 Bossia
549 1213 747 1249 australis.

150 1315 213 1356 10.
237 1315 291 1357 T.
315 1313 572 1359 Baeotica
599 1313 762 1370 (Boiss.
795 1317 837 1357 et
862 1313 1010 1356 Heldr.
1034 1314 1183 1368 Diagn.
1215 1314 1309 1357 Ser.
1344 1314 1400 1368 ΙΙ,
1427 1317 1468 1368 4,
1495 1329 1533 1370 p.
1564 1317 1640 1370 99)
1668 1316 1786 1360 bulbi

85 1373 314 1417 mediocris
357 1373 515 1418 tunicis
554 1373 733 1427 glabris,
766 1375 888 1417 caule
904 1375 1101 1417 flexuoso
1140 1374 1477 1430 pedunculoque
1512 1375 1786 1430 pubescenti-

83 1433 405 1485 scabriusculis,
439 1434 551 1476 l'oliis
590 1434 659 1476 3-4
702 1445 856 1477 versus
890 1434 1078 1476 medium
1120 1434 1284 1476 caulem
1321 1435 1387 1476 vel
1430 1436 1641 1489 superius
1687 1436 1785 1479 sitis

81 1493 244 1546 glabris
266 1494 405 1536 acutis
428 1492 708 1536 inferioribus
732 1493 814 1535 late
830 1492 1283 1546 oblongo-lanceolatis
1304 1494 1497 1547 margine
1517 1496 1615 1549 plus
1640 1496 1787 1539 minus

81 1556 124 1593 et
151 1553 314 1606 saepius
345 1553 469 1595 valde
497 1552 719 1595 undulatis
762 1553 1068 1606 superioribus
1107 1557 1289 1605 anguste
1329 1554 1578 1597 lanceolatis
1618 1555 1783 1597 caulem

81 1612 369 1666 manantibus,
398 1612 507 1655 ssore
549 1612 788 1666 majusculo
826 1613 1127 1666 campanulato
1168 1612 1336 1654 intense
1374 1625 1599 1668 purpureo
1623 1613 1784 1667 phyllis

80 1670 276 1726 oblongis
301 1672 495 1717 obovatis
519 1672 721 1714 omnibus
739 1671 815 1714 sed
843 1671 1365 1726 interioribusabruptius
1380 1676 1422 1715 et
1439 1673 1561 1727 longe
1583 1673 1785 1716 caudato-

80 1732 336 1774 acuminatis
370 1731 536 1774 macula
578 1731 938 1784 oblongo-lineari
971 1731 1198 1785 nigricanti
1237 1731 1660 1786 ssavido-marginata
1690 1731 1781 1775 basi

78 1789 246 1843 obsitis‚
274 1790 507 1834 illamentis
544 1790 706 1845 glabris
747 1791 968 1845 perigenio
1000 1791 1219 1833 multoties
1250 1790 1528 1834 brevioribus
1553 1792 1780 1835 antheram

76 1861 160 1892 nou
183 1851 474 1905 aequaiitibuS,
500 1851 648 1894 ovari0
673 1850 909 1904 cylindrico
931 1850 1130 1904 stigmate
1155 1850 1287 1904 duplo
1315 1851 1568 1904 angustiore
1603 1857 1666 1899 ν.

126 1923 223 1959 Hab.
244 1925 284 1960 in
303 1925 408 1971 agris
428 1935 549 1971 prope
569 1935 717 1960 marem
739 1925 825 1960 sitis
856 1924 1016 1960 Boeotiae
1058 1924 1158 1960 inter
1196 1926 1347 1971 Oropos
1369 1928 1406 1960 et
1436 1924 1592 1960 Chalcis
1625 1926 1782 1970 (Boisst

76 1971 253 2066 {131}ng
271 1971 384 2008 Circa
402 1972 561 2008 Thebas
581 1972 752 2019 (Orph.),
767 1973 807 2007 in
830 1974 962 2008 monte
986 1972 1133 2007 Parnes
1155 1973 1294 2008 Attica}
1318 1973 1367 2008 ad
1387 1972 1534 2019 Hagios
1563 1973 1779 2009 Mercurios

138 2030 157 2055 Θ
185 2031 233 2056 ’1“.
259 2050 265 2056 .

118 2086 280 2121 Circiter
294 2085 457 2132 pedalis,
479 2085 575 2122 folia
589 2085 776 2120 inferiora
799 2084 1058 2120 canaliculata
1077 2084 1395 2131 sesquipollicem
1415 2084 1494 2120 lata
1506 2084 1778 2131 semipedalia,

73 2133 186 2169 ssores
213 2133 500 2178 magnitudinis
521 2132 561 2168 T.
579 2133 840 2179 strcengszclatae
858 2135 896 2167 et
919 2132 959 2168 T.
980 2133 1210 2178 variopiccw
1230 2132 1322 2168 Heb.
1337 2142 1426 2179 quie
1444 2132 1619 2178 ejusdem
1637 2133 1781 2178 speciei

72 2182 219 2216 foi-inas
247 2182 383 2217 sistere
406 2181 599 2226 videntur,
621 2181 677 2215 eis
697 2190 816 2225 scapo
839 2180 1033 2225 puberulo
1053 2180 1423 2226 cliai·:1cte1·i]›us(pie
1439 2180 1568 2215 al'linis
1590 2183 1625 2216 et
1645 2182 1778 2215 forsan

73 2238 209 2264 earum
230 2231 348 2274 typus
368 2228 589 2274 sylvestris,
609 2228 794 2263 distincta
822 2231 950 2262 tamen
974 2227 1076 2263 toliis
1100 2228 1344 2263 abbreviatis
1369 2229 1544 2274 margine
1575 2227 1780 2263 undulatis

71 2278 107 2311 et
134 2286 211 2312 non
238 2276 394 2322 cuiatis,
415 2275 563 2323 phyllis
582 2275 706 2310 inulto
733 2275 892 2321 longius
912 2275 1349 2311 caudato-acuminatis.

129 2342 159 2394 β
191 2341 438 2384 Euanthius.
473 2366 527 2371 -
560 2341 786 2390 llumilior‚
814 2340 893 2382 llos
922 2341 1073 2394 maJor,
1112 2341 1256 2394 phylla
1283 2341 1437 2383 latiora
1474 2341 1650 2384 brevius
1679 2354 1776 2384 cau-

71 2400 449 2445 dato-acuminata.
495 2425 533 2430 —
572 2402 613 2443 7¹.
646 2399 873 2441 Euanthia
903 2400 1035 2454 Orpli.
1064 2401 1106 2443 in
1146 2400 1285 2443 Boiss.
1323 2400 1477 2454 Diagn.
1521 2400 1617 2443 Ser.
1645 2402 1697 2452 ΙΙ,
1734 2404 1774 2451 4,

72 2476 111 2516 p.
149 2464 241 2505 lOO.

116 2536 215 2572 Hah.
234 2536 273 2572 in
298 2537 457 2582 regione
479 2535 608 2571 media
627 2535 774 2571 montis
797 2534 957 2570 Malevo
978 2533 1158 2570 Laconia:
1179 2545 1298 2581 prope
1326 2534 1564 2582 Xerocampi
1592 2536 1718 2583 (Oi-pb
1737 2540 1774 2584 l).

128 2632 196 2673 11.
231 2630 289 2674 T.
321 2627 746 2674 undulatifolia
773 2629 933 2678 (Boiss.
960 2629 1112 2682 Diagn.
1144 2629 1240 2671 Ser.
1270 2629 1298 2678 Ι,
1325 2632 1363 2681 5,
1399 2644 1436 2684 p.
1464 2630 1538 2684 57)
1564 2631 1696 2674 bulbo
1703 2666 1773 2684 .....

67 2690 189 2732 caule
213 2690 505 2732 crassiusculo
530 2689 682 2732 humili
711 2690 878 2731 inferne
905 2689 1053 2739 glabro
1080 2701 1212 2742 supra
1241 2689 1337 2731 solia
1361 2690 1633 2743 pubescenti,
1661 2692 1774 2734 soliis

67 2750 291 2802 (maternis
317 2761 474 2791 versus
499 2748 688 2790 medium
709 2749 876 2791 caulem
913 2749 1226 2801 approximatis
1253 2749 1388 2801 longis
1423 2752 1774 2793 arcuato-recur-

65 2808 129 2851 vis
146 2808 401 2850 acuminatis
436 2808 555 2861 apice.
584 2808 834 2850 circinnatis
862 2807 1154 2850 canaliculatis
1182 2808 1465 2851 inferioribus
1495 2808 1575 2851 late
1603 2809 1769 2853 lanceo-

67 2866 161 2909 latis
182 2868 374 2920 margine
399 2867 785 2920 tumulato-crispis
811 2867 1116 2922 superioribus
1156 2871 1338 2920 auguste
1384 2868 1621 2911 linearibus
1650 2872 1770 2921 parte

65 2926 280 2979 superiori
319 2927 509 2968 breviter
551 2926 691 2973 liii-tis,
732 2928 839 2969 llere
884 2929 1028 2969 erecto
1066 2928 1367 2981 campanulato
1390 2928 1572 2980 puniceo
1611 2929 1770 2981 phyllis

64 2984 259 3039 oblongis
297 2985 416 3040 apice
453 2986 784 3040 abruptiuscule
823 2990 865 3030 et
906 2987 1029 3039 longe
1068 2986 1324 3029 acuminatis
1356 2991 1484 3030 extus
1518 2988 1650 3029 fascia
1683 2987 1769 3029 lata
