2062 3314
236 218 311 257 412
963 224 1213 253 CYPERACEAE
1781 214 1881 253 Care
1893 226 1950 252 x-

234 301 354 344 tibus
375 298 587 342 brunneis
610 308 745 340 nervo
770 297 912 348 viridi,
934 298 1209 352 stigmatibus
1233 296 1388 353 tribus,
1412 296 1613 340 utriculis
1638 298 1786 352 parvis
1823 298 1947 352 pyri·

236 357 575 411 sormi-globosis
612 356 951 411 pubescentibus
979 354 1440 412 spongioso-stipitatis
1473 356 1664 399 enerviis
1700 356 1744 398 in
1785 357 1947 400 rostel-

236 419 325 461 lum
359 416 678 469 longiusculum
715 419 913 458 retusum
958 415 1190 459 contractis
1234 416 1294 461 ΩΙ..
1326 413 1445 465 Engl.
1480 415 1575 457 Bot.
1614 414 1704 458 tab.
1745 417 1848 459 885.
1884 439 1942 446 —

238 478 366 520 Boott
391 475 474 518 tab.
496 475 596 517 0283.
624 498 676 504 -
702 474 835 516 Rchb.
855 474 1000 517 Germ.
1026 475 1110 517 tab.
1138 474 1236 516 260.

287 549 387 586 Hab.
409 550 450 585 in
473 548 688 594 sylvaticas,
702 548 802 584 circa
827 548 1065 594 Byzantium
1080 546 1226 592 (Smith
1244 545 1408 591 Prodr.).
1428 545 1471 581 E.
1493 545 1643 582 ditione
1665 556 1745 582 non
1770 546 1867 582 vidi.

288 616 349 650 Ar.
369 615 500 659 Geoqr.
520 612 676 659 Europa
698 612 872 648 borealis
887 615 924 648 et
944 612 1076 648 media
1096 622 1119 648 a
1143 611 1350 647 Britannia
1367 611 1406 646 et
1434 610 1703 648 scandinavia.
1720 610 1769 647 ad
1791 611 1941 658 Hispa-

236 662 346 698 niam
364 659 562 697 borealem
580 662 618 695 et
637 660 793 695 Italiam
810 658 1040 695 centralem.

299 771 366 812 4⁶2.
407 769 462 813 C.
487 771 776 811 montana
799 766 867 823 (L.
891 767 954 809 Fl.
981 767 1110 810 Suec.
1140 766 1215 808 Ed.
1245 765 1302 818 Il,
1333 779 1370 820 p.
1396 767 1498 819 328)
1530 767 1769 811 rbizomate
1795 779 1949 811 crasso

238 830 436 882 elongato
459 827 713 870 horizontali
737 839 910 869 ramoso
938 826 1073 869 fibras
1098 826 1255 869 edente
1282 837 1475 878 superne
1506 826 1700 880 vestigiis
1737 826 1942 870 foliorum

240 888 418 939 vestito,
440 887 555 929 foliis
582 886 677 928 laete
697 885 913 928 viridibus
942 885 1081 939 planis
1112 883 1320 927 flexuosis
1350 884 1547 928 breviter
1580 885 1824 939 pulici-ulis,
1852 885 1945 928 cul-

241 947 323 989 mis
350 945 585 1000 gracilibus
612 946 768 987 obtuse
800 945 1030 999 triquetris
1057 942 1290 986 fructiferis
1305 942 1537 997 inclinatis,
1557 944 1724 998 spicula
1752 944 1944 987 mascula

241 1005 435 1047 solitaria
475 1004 914 1057 cylindrico-clavata,
953 1002 1153 1046 femineis
1188 1003 1259 1044 1-2
1291 1001 1519 1045 sessilibus
1553 1003 1692 1045 ovatis
1736 1003 1946 1056 paucisso-

241 1065 303 1106 ris
338 1063 463 1105 valde
499 1063 826 1116 approximatis,
859 1062 1045 1104 bracteis
1082 1061 1425 1103 membranaceis
1463 1057 1810 1105 fuscescentibus
1844 1062 1947 1107 latis

241 1121 629 1175 amplexicaulibus
654 1133 739 1163 non
766 1120 1070 1174 vaginantibus
1095 1119 1306 1163 brevibus
1331 1119 1529 1174 oblongis
1561 1121 1815 1175 aristulatis,
1848 1120 1938 1174 glu-

242 1182 324 1223 mis
349 1181 477 1224 fuscis
510 1179 855 1232 ovato-oblongis
883 1179 1052 1222 obtusis
1077 1179 1220 1221 fructu
1251 1178 1627 1230 subbrevioribus‚
1666 1180 1957 1235 stigmatibus

242 1240 399 1291 tribus,
424 1239 624 1281 utriculis
645 1238 1046 1290 oblongo-obovatis
1074 1238 1254 1290 trigonis
1289 1237 1483 1281 breviter
1505 1241 1547 1281 et
1570 1237 1827 1281 attenuatim
1845 1250 1941 1281 ros-

243 1299 370 1342 tratis
408 1309 483 1340 ore
518 1297 679 1340 retusis
711 1297 835 1339 hirtis
859 1297 1054 1340 nervatis
1097 1297 1264 1339 inferne
1299 1295 1763 1351 spongioso-stipitatis
1795 1299 1856 1344 Qt.
1883 1296 1944 1341 Ic.

247 1357 371 1400 Schk.
402 1357 470 1409 fig.
501 1357 566 1399 29.
591 1356 799 1397 —Rcbb.
828 1355 972 1399 Germ.
999 1355 1068 1409 lig.
1098 1355 1199 1397 333.
1409 1359 1411 1363 ’

288 1430 392 1466 Hab.
414 1431 453 1465 iu
470 1428 686 1475 sylvaticis‚
712 1433 820 1476 prata
835 1430 970 1476 alpina
989 1430 1136 1465 montis
1155 1429 1338 1468 Kasbeck
1357 1430 1523 1467 Caucasi
1543 1430 1742 1477 (Remi),
1772 1433 1811 1467 et
1846 1439 1937 1478 pro·

242 1478 333 1513 hab.
351 1477 447 1513 alibi
466 1478 507 1512 in
527 1477 757 1513 Macedonia
778 1477 844 1513 vel
862 1477 1043 1513 Thracia.

290 1542 505 1586 Ar.Geoqr.
529 1540 689 1586 Europa
714 1540 883 1576 borealis
915 1543 952 1575 et
976 1539 1108 1576 media
1136 1550 1157 1575 a
1185 1538 1455 1577 Scandinavia
1487 1543 1525 1577 et
1553 1540 1694 1578 Rossia
1724 1517 1774 1577 ad
1799 1540 1946 1588 Hispa-

242 1587 353 1624 niam
369 1591 405 1623 et
423 1588 575 1623 ltaliam
595 1586 775 1623 boreales
794 1590 830 1623 et
845 1588 1045 1634 regionem
1064 1586 1342 1623 Danubialem.

300 1698 370 1739 43.
396 1697 450 1741 C.
478 1700 818 1741 tomentosa
843 1696 912 1750 (L.
937 1698 1066 1740 Mant.
1096 1698 1197 1752 123)
1221 1697 1366 1740 radice
1383 1698 1649 1751 stolonifera,
1666 1697 1825 1742 culmis
1846 1710 1947 1752 gra-

240 1755 396 1799 cilibus
423 1756 665 1810 triquetris,
690 1756 800 1799 foliis
826 1756 1063 1798 linearibus
1092 1756 1231 1810 planis
1255 1757 1395 1800 culmo
1418 1756 1800 1810 subbrevioribus‚
1823 1758 1943 1811 spica

242 1816 433 1858 mascula
458 1815 653 1858 solitaria
680 1815 969 1869 pedunculata
992 1815 1242 1870 cylindrica‚
1268 1815 1467 1859 femineis
1500 1817 1570 1858 1-3
1592 1816 1732 1859 ovatis
1760 1815 1827 1861 vel
1846 1816 1946 1859 bre-

241 1874 355 1916 viter
381 1874 633 1928 cylindricis
661 1874 830 1917 obtusis
866 1875 1014 1917 densis
1052 1875 1211 1917 erectis
1254 1873 1573 1918 subsessilibus
1610 1875 1942 1930 approximatis,

242 1933 416 1976 bractea
442 1933 650 1976 inferiore
675 1933 934 1976 brevissime
951 1933 1179 1986 vagiuaute
1200 1933 1391 1976 culmum
1409 1945 1525 1987 saepe
1543 1937 1758 1987 aequante,
1782 1934 1945 1987 glumis

238 1992 636 2035 ovato-lanceolatis
664 1992 801 2035 acutis
827 1991 1041 2035 viridibus
1070 1991 1480 2045 rubro-marginatis
1510 1993 1652 2035 fructu
1679 1993 1949 2047 angustiori-

242 2051 340 2103 bus,
367 2051 641 2104 stigmatibus
672 2051 830 2103 tribus‚
854 2051 1053 2094 utriculis
1088 2052 1224 2093 dense
1251 2055 1294 2095 et
1316 2052 1510 2095 breviter
1531 2052 1788 2095 tomentosis
1814 2063 1947 2106 spon-

239 2110 374 2162 giosis
411 2109 815 2152 viridi-stramineis
849 2109 1275 2162 subgloboso-ovatis
1305 2110 1500 2153 obsolete
1541 2110 1723 2164 trigonis
1751 2110 1950 2154 enerviis

243 2168 504 2212 brevissime
526 2173 568 2212 et
590 2180 705 2222 serpe
731 2168 922 2211 obsolete
944 2170 1181 2212 rostellatis
1204 2180 1279 2211 ore
1301 2169 1537 2212 subretuso
1562 2170 1604 2215 Qt
1643 2169 1776 2211 Rchb.
1793 2167 1946 2213 Germ.

242 2228 319 2280 fig.
343 2229 441 2270 638.
465 2251 524 2258 -
545 2227 587 2273 C.
614 2227 926 2280 sphoerocarpa
950 2227 1078 2271 Ehrh.
1103 2252 1156 2260 ——
1177 2227 1222 2271 C.
1255 2228 1381 2271 caesia
1408 2228 1582 2271 Griseb.
1606 2227 1680 2282 Sp.
1706 2228 1760 2278 II,
1790 2241 1830 2282 p.
1859 2228 1948 2271 412

242 2297 295 2328 ex
311 2287 453 2329 descr.
473 2287 631 2342 (Deest
648 2288 691 2328 in
712 2287 806 2341 ejus
831 2284 995 2343 herb).

292 2360 392 2396 Hab.
411 2360 452 2396 in
477 2361 598 2420 pratis
623 2359 809 2402 humidis,
828 2359 1061 2396 Macedonia
1093 2361 1136 2396 in
1172 2361 1297 2407 sylvis
1329 2362 1476 2397 montis
1505 2361 1632 2397 Athos
1658 2360 1852 2406 (Griseb.)
1889 2360 1934 2396 In

241 2408 389 2443 Tauria
406 2407 455 2443 ad
476 2407 765 2454 sympheropol
785 2407 879 2442 etin
897 2407 1002 2443 valle
1022 2407 1160 2445 Sudak
1181 2409 1327 2454 (SteV.)
1345 2408 1440 2444 Loci
1467 2419 1516 2444 ex
1535 2408 1711 2445 Caucaso
1733 2409 1774 2445 iu
1800 2406 1946 2444 Ledeb·

243 2455 303 2491 Fi.
318 2455 432 2491 Ross.
454 2455 562 2490 citati
580 2455 631 2490 ad
654 2453 691 2491 C.
713 2453 884 2491 Grz'oletz'
898 2456 1093 2501 spectant.

288 2522 353 2555 Ar.
377 2519 508 2565 Geoqr.
530 2519 688 2566 Europa
707 2509 838 2555 media
855 2518 906 2554 ab
924 2519 1069 2565 Anglia
1096 2520 1134 2556 et
1153 2519 1301 2556 Gothia
1317 2519 1365 2556 ad
1384 2519 1565 2556 Rossiam
1588 2519 1774 2566 mediam,
1790 2518 1959 2556 Italiam.

243 2565 456 2613 borealem,
475 2567 677 2613 regionem
692 2566 969 2602 Danubialem.

305 2678 373 2719 44.
409 2675 463 2718 C.
499 2676 748 2720 Grioleti
784 2676 968 2731 (Romer
995 2677 1050 2720 iu'
1075 2676 1200 2720 Sckh.
1225 2676 1376 2730 Riedg.
1402 2690 1440 2731 p.
1475 2678 1544 2731 76,
1570 2677 1640 2731 fig.
1669 2676 1775 2733 209)
1811 2676 1950 2720 rhizo-

244 2740 359 2778 mate
398 2736 665 2787 stolonifero‚
695 2736 850 2779 culmis
889 2735 1124 2790 gracilibus
1151 2735 1277 2778 elatis
1309 2736 1553 2791 triquetris,
1585 2736 1695 2778 loliis
1738 2736 1965 2789 elongatis-

243 2794 482 2837 linearibus
501 2795 654 2849 planis,
673 2795 792 2849 spica
816 2794 1008 2837 mascula
1031 2795 1226 2838 solitaria
1245 2794 1537 2848 pedunculata
1559 2795 1683 2848 louge
1706 2797 1749 2837 et
1765 2798 1953 2848 anguste

240 2853 488 2907 cylindrica‚
509 2853 705 2896 femineis
723 2854 798 2895 3-4
825 2853 1018 2896 breviter
1041 2853 1291 2907 cylindricis
1318 2853 1485 2897 obtusis
1507 2854 1658 2896 densis
1674 2854 1831 2896 erectis
1855 2853 1944 2896 dis·

243 2911 435 2954 tantibus
466 2912 694 2965 superiore
717 2912 945 2955 subsessili
970 2912 1139 2955 caeteris
1167 2916 1343 2956 exserte
1367 2916 1409 2954 et
1437 2923 1551 2965 saepe
1570 2913 1695 2967 longe
1723 2912 1946 2966 peduncu-

241 2971 362 3023 latis,
392 2970 578 3013 bracteis
612 2970 892 3014 inferioribus
925 2970 1230 3025 vaginantibus
1269 2971 1458 3015 soliaceis
1491 2970 1632 3017 culmo
1660 2970 1959 3025 longioribus„
