2089 3246
84 219 341 270 Sporobolus.
824 231 1048 258 GRAmmr-„AE
1718 222 1790 259 513

85 303 238 396 ὃὸξίῧί).
257 305 297 340 in
316 304 438 340 aridis
463 304 575 350 regni
602 304 772 340 Mascate
792 304 949 340 Arabiae
967 304 1115 349 (Auch.
1144 303 1288 350 54251)‚
1309 304 1350 338 in
1375 303 1600 340 Belutscliiat
1627 305 1788 349 (Stocks

136 415 449 462 Sesquipedalis,
472 415 567 451 folia
584 415 775 451 radicalia
791 414 1037 462 S-G-pollices
1053 414 1376 461 longa‚panicula
1390 414 1635 461 (stc-pollices
1651 415 1782 460 longa,

86 462 203 499 nores
222 465 277 498 eis
300 463 338 497 S.
355 463 500 510 spicati
518 462 774 509 submajores.
792 462 1078 498 Determinatio
1099 472 1147 498 ex
1169 462 1401 497 auctoritate
1417 462 1645 508 speciminis
1667 462 1791 498 indici

86 509 138 547 ab
161 510 282 546 Herb.
304 511 490 546 Kewensi
512 510 634 546 missi.

136 584 199 621 Ar.
223 585 358 629 Geoqr.
380 584 505 630 Regio
524 584 680 630 scinde,
698 583 825 620 Indiae
841 582 1268 620 boreali-occidentalis
1286 583 1393 628 regio
1416 584 1615 619 montana.

144 697 184 738 4.
219 694 270 738 S.
313 696 721 738 commutatus
760 693 902 749 (Trin.
931 693 1007 736 Gr.
1033 692 1088 735 Ic.
1116 694 1200 737 tab.
1232 693 1290 736 lV
1319 693 1400 736 sub
1438 692 1570 746 Vasti>
1600 705 1789 737 annuus,

84 755 230 798 rsdice
264 755 438 803 fibi-osa,
467 754 623 796 culmis
653 754 855 809 pluribus
881 753 1059 807 pumilis
1082 753 1419 796 ascendentibus
1447 757 1569 806 parte
1594 751 1789 795 inferiori

84 814 238 857 crebre
262 813 426 857 foliosis
450 824 644 867 superne
680 813 827 862 nudis,
857 812 973 854 foliis
1013 813 1097 854 late
1124 812 1365 855 linearibus
1400 812 1611 854 brevibus
1645 811 1790 853 multi-

81 874 248 916 nerviis
266 872 404 926 planis
428 872 622 926 margine
638 872 928 924 cartilagineis
941 873 984 913 et
1000 871 1606 924 aculeolato-ciliatis,vaginis
1623 871 1789 913 subau-

81 931 480 976 riculato-dilatatis
502 935 544 973 et
572 931 742 985 pilosis,
772 931 984 986 paniculae
1009 935 1148 973 ovatae
1180 929 1327 973 brevis
1367 930 1500 972 ramis
1532 931 1633 971 5-10
1658 929 1790 971 verti-

83 991 239 1034 cillatis
261 990 510 1044 patentibus
537 990 762 1043 brevibus,
787 990 966 1043 spiculis
991 990 1193 1039 minimis,
1217 989 1363 1043 gluma
1401 990 1583 1031 externa
1614 988 1789 1042 liyalina

83 1051 377 1093 minutissima
420 1050 577 1093 obtusa
625 1049 940 1103 squamisormi‚
965 1049 1137 1091 interna
1176 1049 1441 1092 acutiuscala
1490 1048 1699 1101 gluniella
1747 1051 1790 1090 ct

81 1110 207 1164 palea
228 1109 512 1152 acutiusculis
531 1108 861 1163 subaeqiiiloiiga
887 1112 953 1159 O.

127 1194 230 1231 Hab.
253 1195 293 1231 in
312 1205 433 1241 regno
451 1194 643 1230 Cabulico
657 1193 779 1239 (Griff
789 1195 830 1239 l),
852 1193 1083 1230 Belutschia
1102 1192 1316 1238 (Stocksl).

127 1266 272 1303 Planta
291 1266 588 1313 5-8-pollicaris,
606 1266 704 1302 folia
720 1266 908 1302 inferiora
925 1266 987 1301 1-1
1009 1265 1098 1310 ¹l²·‘—'·
1112 1265 1155 1309 ¹l2
1175 1264 1302 1300 lineas
1322 1264 1414 1300 lata.

129 1344 194 1380 Ar.
217 1344 348 1389 Geoqr.
373 1343 505 1380 Nubia
523 1343 719 1390 littoralis,
737 1341 861 1378 India.

639 1499 891 1549 AGROSTIS
926 1499 987 1562 (L.
1021 1498 1120 1548 Gen.
1157 1497 1249 1561 80).

142 1642 327 1697 Spiculoe
365 1643 580 1693 unissorae‚
609 1641 790 1685 ssosculo
814 1639 1170 1693 hermaphrodito
1209 1640 1376 1693 absque
1409 1640 1477 1681 vel
1514 1637 1658 1681 rarius
1690 1648 1789 1680 cum

80 1703 332 1746 rudimento
357 1701 526 1745 flosculi
561 1701 819 1755 superioris.
843 1698 1014 1742 Glumae
1050 1699 1160 1740 binae
1185 1699 1388 1740 carinatae
1412 1698 1480 1741 vel
1505 1708 1787 1750 compressae.

82 1759 299 1805 Glumella
323 1764 364 1803 et
390 1762 508 1815 palea
531 1760 625 1803 basi
643 1760 751 1802 callo
779 1758 969 1802 rotundo
995 1759 1147 1812 glabro
1175 1757 1418 1801 insidentes
1442 1756 1791 1799 membranacea}

82 1820 155 1863 illa
182 1820 534 1875 quinquenervia
557 1820 715 1862 mutica
747 1819 813 1861 vel
834 1818 967 1860 dorso
1004 1817 1198 1869 aristam,
1225 1818 1347 1870 palea
1385 1816 1527 1857 minor
1553 1815 1790 1856 bicarinata

82 1878 306 1922 interdum
329 1880 552 1923 deficiens.
581 1877 831 1933 Squamulae
853 1877 977 1919 binae.
1001 1876 1108 1930 Slyli
1135 1877 1159 1918 2
1185 1875 1452 1926 terminales,
1477 1875 1676 1926 stigmata
1697 1873 1792 1926 plu-

83 1950 203 1982 mosa
232 1939 284 1980 ad
309 1938 431 1981 basin
465 1938 587 1981 floris
616 1937 896 1990 emergentia.
924 1935 1160 1990 Caryopsis
1179 1939 1303 1978 ovata
1322 1935 1388 1977 vel
1410 1934 1594 1985 oblonga
1621 1933 1791 1974 macula

82 1996 209 2040 hilari
235 1998 510 2051 punctiformi
535 1997 754 2051 glumellis
779 1996 944 2038 inclusa
964 1995 1042 2038 sed
1067 1995 1203 2036 libera
1226 1994 1467 2048 pericarpio
1496 2005 1581 2035 non
1601 1991 1788 2034 solubili.

84 2079 141 2087 —-
169 2057 326 2100 Herbae
354 2068 571 2111 perennes
596 2056 665 2098 vel
692 2067 848 2098 annuae
874 2055 1053 2109 spiculis
1077 2053 1226 2109 parvis
1249 2053 1520 2107 paniculatis.

85 2210 209 2256 sacr.
252 2212 282 2253 I.
323 2210 695 2255 EUAGROSTIS.
724 2210 898 2253 Griseb.
937 2210 980 2251 in
1015 2209 1118 2251 Led.
1156 2208 1216 2250 Fl.
1254 2209 1383 2250 Ross.
1414 2231 1468 2238 —
1500 2206 1715 2250 Glumella
1744 2210 1787 2250 et

411 2272 550 2327 palea.
579 2270 893 2313 Rudimentum
917 2268 1039 2312 ssoris
1062 2267 1244 2311 secundi
1273 2268 1463 2310 nullum.

149 2395 184 2435 1.
210 2393 270 2437 A.
298 2390 662 2435 verticillata
688 2390 806 2445 (viil.
832 2388 1074 2442 Daupli.Il.
1098 2402 1145 2442 p.
1180 2390 1250 2435 74)
1279 2388 1499 2441 perennis,
1524 2386 1678 2428 culmis
1697 2385 1790 2427 basi

85 2451 447 2495 decumbentibus
471 2454 514 2494 et
537 2451 590 2493 ad
611 2450 745 2492 nodos
774 2449 1005 2491 interiores
1025 2461 1142 2502 stepe
1170 2448 1483 2495 radicantibns,
1509 2446 1621 2488 foliis
1648 2444 1790 2498 planis

83 2510 182 2554 latis
220 2511 478 2554 acuminatis
518 2509 728 2553 brevibus
762 2509 948 2562 asperis,
989 2509 1122 2561 ligula
1159 2507 1283 2550 brevi
1323 2508 1538 2551 truncata,
1575 2504 1791 2558 paniculae

83 2570 436 2613 albido-virentis
456 2570 603 2611 densae
627 2572 764 2610 ovatae
783 2569 848 2609 vel
863 2568 1060 2620 oblongae
1082 2565 1235 2608 lobatae
1253 2566 1386 2608 ramis
1407 2562 1791 2606 semiverticillatis

84 2630 252 2672 scabris
276 2643 299 2671 a
321 2628 411 2670 basi
438 2628 666 2672 confertim
692 2626 972 2681 spumiferis,
997 2626 1157 2680 glumis
1176 2625 1432 2679 aequilongis
1455 2623 1651 2675 oblongis
1668 2621 1792 2663 obtu-

85 2687 290 2732 siusculis
318 2689 510 2742 undique
537 2686 731 2729 breviter
760 2689 803 2729 et
833 2686 1045 2739 adpresse
1071 2684 1311 2739 puberulis,
1349 2683 1557 2737 gluniella
1597 2685 1638 2723 et
1670 2681 1792 2732 palea

91 2746 293 2790 dimidias
338 2748 509 2799 glumas
555 2745 834 2799 aequantibus
880 2743 1206 2799 subaequalibus
1252 2743 1322 2784 illa
1366 2743 1525 2784 ninlicai
1583 2747 1618 2787 26
1669 2739 1789 2782 Trin.

85 2804 233 2849 Gram.
258 2805 342 2848 tab.
366 2806 435 2848 36.
463 2828 517 2835 ——
544 2805 680 2847 Rclib.
709 2803 855 2847 Germ.
897 2804 963 2856 lig.
1008 2806 1100 2846 138.
1136 2827 1186 2833 —
1223 2802 1272 2843 A.
1304 2801 1560 2853 stoloniscre
1592 2798 1638 2840 L.
1669 2798 1787 2841 lierb.

86 2877 172 2908 non
203 2865 275 2919 Sp.
306 2888 360 2895 -—
395 2865 554 2908 Parlat.
589 2865 649 2906 Fl.
686 2865 739 2906 It.
775 2888 828 2894 —
871 2864 920 2905 A.
958 2862 1164 2916 aquatica
1200 2862 1359 2903 Pourr.
1386 2884 1443 2892 —
1479 2860 1530 2902 A.
1572 2856 1791 2899 rivulat-is

87 2921 206 2970 Brot.
233 2949 285 2954 —
312 2924 348 2966 A
376 2923 512 2966 densa
538 2923 587 2966 M.
621 2924 668 2966 B.
695 2924 827 2967 Taur.
851 2921 980 2964 Cane.
1009 2922 1044 2974 I,
1075 2924 1146 2963 66.
1173 2921 1284 2961 ——A.
1313 2919 1545 2961 „lnalole'ca
1574 2917 1617 2958 C.
1657 2915 1780 2958 Kocli

86 2979 214 3025 Linn.
242 2983 362 3037 XXI,
381 2984 482 3025 379.
