<?xml version="1.0" encoding="UTF-8"?>
<!DOCTYPE html PUBLIC "-//W3C//DTD XHTML 1.0 Transitional//EN"
    "http://www.w3.org/TR/xhtml1/DTD/xhtml1-transitional.dtd">
<html xmlns="http://www.w3.org/1999/xhtml" xml:lang="en" lang="en">
 <head>
  <title>
</title>
<meta http-equiv="Content-Type" content="text/html;charset=utf-8" />
  <meta name='ocr-system' content='tesseract 3.04.00' />
  <meta name='ocr-capabilities' content='ocr_page ocr_carea ocr_par ocr_line ocrx_word'/>
</head>
<body>
  <div class='ocr_page' id='page_1' title='image "./floraorientaliss05bois/floraorientaliss05bois_0466.png"; bbox 0 0 2062 3314; ppageno 0'>
   <div class='ocr_carea' id='block_1_1' title="bbox 255 151 1944 201">
    <p class='ocr_par' dir='ltr' id='par_1_1' title="bbox 255 151 1944 201">
     <span class='ocr_line' id='line_1_1' title="bbox 255 151 1944 201; baseline 0.004 -15"><span class='ocrx_word' id='word_1_1' title='bbox 255 153 327 190; x_wconf 79' lang='lat'>458</span> <span class='ocrx_word' id='word_1_2' title='bbox 988 162 1211 188; x_wconf 80' lang='lat' dir='ltr'>GRAMINEAE</span> <span class='ocrx_word' id='word_1_3' title='bbox 1649 151 1944 201; x_wconf 69' lang='lat' dir='ltr'>Chrysopoqon.</span> 
     </span>
    </p>
   </div>
   <div class='ocr_carea' id='block_1_2' title="bbox 258 235 1951 584">
    <p class='ocr_par' dir='ltr' id='par_1_2' title="bbox 258 235 1951 584">
     <span class='ocr_line' id='line_1_2' title="bbox 258 235 1948 291; baseline -0.001 -10"><span class='ocrx_word' id='word_1_4' title='bbox 258 238 462 291; x_wconf 81' lang='lat' dir='ltr'>superior</span> <span class='ocrx_word' id='word_1_5' title='bbox 483 236 679 278; x_wconf 79' lang='lat' dir='ltr'>aristata.</span> <span class='ocrx_word' id='word_1_6' title='bbox 703 235 917 277; x_wconf 89' lang='lat' dir='ltr'>Glumella</span> <span class='ocrx_word' id='word_1_7' title='bbox 937 238 979 278; x_wconf 93' lang='lat' dir='ltr'>et</span> <span class='ocrx_word' id='word_1_8' title='bbox 1000 236 1120 289; x_wconf 88' lang='lat' dir='ltr'>palea</span> <span class='ocrx_word' id='word_1_9' title='bbox 1145 239 1297 279; x_wconf 89' lang='lat' dir='ltr'>tenere</span> <span class='ocrx_word' id='word_1_10' title='bbox 1320 235 1673 285; x_wconf 67' lang='lat' dir='ltr'>membranaceae,</span> <span class='ocrx_word' id='word_1_11' title='bbox 1691 236 1761 278; x_wconf 90' lang='lat' dir='ltr'>illa</span> <span class='ocrx_word' id='word_1_12' title='bbox 1780 236 1948 280; x_wconf 87' lang='lat' dir='ltr'>lanceo-</span> 
     </span>
     <span class='ocr_line' id='line_1_3' title="bbox 259 293 1951 350; baseline -0.001 -11"><span class='ocrx_word' id='word_1_13' title='bbox 259 298 342 339; x_wconf 87' lang='lat' dir='ltr'>lata</span> <span class='ocrx_word' id='word_1_14' title='bbox 367 308 419 338; x_wconf 87' lang='lat' dir='ltr'>ex</span> <span class='ocrx_word' id='word_1_15' title='bbox 437 295 555 348; x_wconf 82' lang='lat' dir='ltr'>apice</span> <span class='ocrx_word' id='word_1_16' title='bbox 586 295 778 336; x_wconf 87' lang='lat' dir='ltr'>breviter</span> <span class='ocrx_word' id='word_1_17' title='bbox 800 294 931 338; x_wconf 82' lang='lat' dir='ltr'>bifido</span> <span class='ocrx_word' id='word_1_18' title='bbox 958 295 1083 346; x_wconf 87' lang='lat' dir='ltr'>longe</span> <span class='ocrx_word' id='word_1_19' title='bbox 1111 294 1288 337; x_wconf 87' lang='lat' dir='ltr'>aristata</span> <span class='ocrx_word' id='word_1_20' title='bbox 1313 294 1446 336; x_wconf 78' lang='lat' dir='ltr'>arista</span> <span class='ocrx_word' id='word_1_21' title='bbox 1467 293 1708 346; x_wconf 77' lang='lat' dir='ltr'>geniculata</span> <span class='ocrx_word' id='word_1_22' title='bbox 1735 298 1951 350; x_wconf 79' lang='lat' dir='ltr'>contorta,</span> 
     </span>
     <span class='ocr_line' id='line_1_4' title="bbox 258 352 1946 408; baseline 0 -12"><span class='ocrx_word' id='word_1_23' title='bbox 258 355 435 397; x_wconf 89' lang='lat' dir='ltr'>brevior</span> <span class='ocrx_word' id='word_1_24' title='bbox 460 353 629 396; x_wconf 84' lang='lat' dir='ltr'>mutica.</span> <span class='ocrx_word' id='word_1_25' title='bbox 657 352 905 405; x_wconf 76' lang='lat' dir='ltr'>Squamulae</span> <span class='ocrx_word' id='word_1_26' title='bbox 940 352 1052 394; x_wconf 79' lang='lat' dir='ltr'>hinae</span> <span class='ocrx_word' id='word_1_27' title='bbox 1089 355 1301 395; x_wconf 84' lang='lat' dir='ltr'>truncalae</span> <span class='ocrx_word' id='word_1_28' title='bbox 1341 352 1510 406; x_wconf 77' lang='lat' dir='ltr'>glabrae.</span> <span class='ocrx_word' id='word_1_29' title='bbox 1543 352 1677 395; x_wconf 87' lang='lat' dir='ltr'>Stam.</span> <span class='ocrx_word' id='word_1_30' title='bbox 1714 354 1752 394; x_wconf 81' lang='lat'>3.</span> <span class='ocrx_word' id='word_1_31' title='bbox 1788 353 1897 408; x_wconf 53' lang='lat' dir='ltr'>Styli</span> <span class='ocrx_word' id='word_1_32' title='bbox 1921 357 1946 396; x_wconf 73' lang='lat'><strong>2</strong></span> 
     </span>
     <span class='ocr_line' id='line_1_5' title="bbox 259 411 1946 466; baseline 0 -11"><span class='ocrx_word' id='word_1_33' title='bbox 259 414 370 466; x_wconf 84' lang='lat' dir='ltr'>longi</span> <span class='ocrx_word' id='word_1_34' title='bbox 393 412 657 458; x_wconf 78' lang='lat' dir='ltr'>terminales,</span> <span class='ocrx_word' id='word_1_35' title='bbox 683 412 880 464; x_wconf 78' lang='lat' dir='ltr'>stigmata</span> <span class='ocrx_word' id='word_1_36' title='bbox 902 411 1099 464; x_wconf 89' lang='lat' dir='ltr'>elongata</span> <span class='ocrx_word' id='word_1_37' title='bbox 1119 412 1253 454; x_wconf 82' lang='lat' dir='ltr'>dense</span> <span class='ocrx_word' id='word_1_38' title='bbox 1281 413 1479 465; x_wconf 86' lang='lat' dir='ltr'>plumosa</span> <span class='ocrx_word' id='word_1_39' title='bbox 1510 411 1747 454; x_wconf 78' lang='lat' dir='ltr'>lateraliter</span> <span class='ocrx_word' id='word_1_40' title='bbox 1789 425 1946 455; x_wconf 89' lang='lat' dir='ltr'>versus</span> 
     </span>
     <span class='ocr_line' id='line_1_6' title="bbox 259 468 1948 524; baseline 0 -10"><span class='ocrx_word' id='word_1_41' title='bbox 259 473 448 514; x_wconf 90' lang='lat' dir='ltr'>medium</span> <span class='ocrx_word' id='word_1_42' title='bbox 489 471 667 524; x_wconf 78' lang='lat' dir='ltr'>spiculae</span> <span class='ocrx_word' id='word_1_43' title='bbox 699 470 976 523; x_wconf 83' lang='lat' dir='ltr'>emergentia.</span> <span class='ocrx_word' id='word_1_44' title='bbox 1016 468 1248 524; x_wconf 86' lang='lat' dir='ltr'>Caryopsis</span> <span class='ocrx_word' id='word_1_45' title='bbox 1286 470 1673 523; x_wconf 89' lang='lat' dir='ltr'>oblongo-linearis</span> <span class='ocrx_word' id='word_1_46' title='bbox 1712 471 1948 514; x_wconf 83' lang='lat' dir='ltr'>lateraliter</span> 
     </span>
     <span class='ocr_line' id='line_1_7' title="bbox 258 528 1778 584; baseline -0.002 -11"><span class='ocrx_word' id='word_1_47' title='bbox 258 530 592 584; x_wconf 86' lang='lat' dir='ltr'>subcompressa</span> <span class='ocrx_word' id='word_1_48' title='bbox 619 528 767 571; x_wconf 90' lang='lat' dir='ltr'>libera.</span> <span class='ocrx_word' id='word_1_49' title='bbox 798 552 855 558; x_wconf 89' lang='lat'>—</span> <span class='ocrx_word' id='word_1_50' title='bbox 876 529 1033 571; x_wconf 85' lang='lat' dir='ltr'>Herbae</span> <span class='ocrx_word' id='word_1_51' title='bbox 1058 540 1272 582; x_wconf 83' lang='lat' dir='ltr'>perennes</span> <span class='ocrx_word' id='word_1_52' title='bbox 1300 528 1479 583; x_wconf 87' lang='lat' dir='ltr'>spiculis</span> <span class='ocrx_word' id='word_1_53' title='bbox 1506 529 1778 582; x_wconf 86' lang='lat' dir='ltr'>paniculatis.</span> 
     </span>
    </p>
   </div>
   <div class='ocr_carea' id='block_1_3' title="bbox 256 654 1954 1465">
    <p class='ocr_par' dir='ltr' id='par_1_3' title="bbox 256 654 1954 1298">
     <span class='ocr_line' id='line_1_8' title="bbox 320 654 1951 712; baseline 0.001 -14"><span class='ocrx_word' id='word_1_54' title='bbox 320 658 357 698; x_wconf 82' lang='lat'>1.</span> <span class='ocrx_word' id='word_1_55' title='bbox 385 655 440 699; x_wconf 86' lang='lat' dir='ltr'>C.</span> <span class='ocrx_word' id='word_1_56' title='bbox 472 655 715 710; x_wconf 86' lang='lat' dir='ltr'>Gryllus</span> <span class='ocrx_word' id='word_1_57' title='bbox 741 656 803 708; x_wconf 87' lang='lat' dir='ltr'>(L.</span> <span class='ocrx_word' id='word_1_58' title='bbox 839 654 912 709; x_wconf 85' lang='lat' dir='ltr'>Sp.</span> <span class='ocrx_word' id='word_1_59' title='bbox 943 657 1056 697; x_wconf 78' lang='lat'>1480</span> <span class='ocrx_word' id='word_1_60' title='bbox 1099 656 1181 698; x_wconf 91' lang='lat' dir='ltr'>sub</span> <span class='ocrx_word' id='word_1_61' title='bbox 1220 654 1532 711; x_wconf 67' lang='lat' dir='ltr'>Andropoyon)</span> <span class='ocrx_word' id='word_1_62' title='bbox 1571 657 1777 708; x_wconf 87' lang='lat' dir='ltr'>perennis</span> <span class='ocrx_word' id='word_1_63' title='bbox 1811 658 1951 712; x_wconf 90' lang='lat' dir='ltr'>cespi-</span> 
     </span>
     <span class='ocr_line' id='line_1_9' title="bbox 259 714 1947 768; baseline 0.002 -13"><span class='ocrx_word' id='word_1_64' title='bbox 259 719 396 765; x_wconf 88' lang='lat' dir='ltr'>tosus‚</span> <span class='ocrx_word' id='word_1_65' title='bbox 420 715 576 756; x_wconf 86' lang='lat' dir='ltr'>culmis</span> <span class='ocrx_word' id='word_1_66' title='bbox 603 716 760 757; x_wconf 90' lang='lat' dir='ltr'>erectis</span> <span class='ocrx_word' id='word_1_67' title='bbox 785 714 1072 768; x_wconf 83' lang='lat' dir='ltr'>simplicibus,</span> <span class='ocrx_word' id='word_1_68' title='bbox 1089 715 1201 756; x_wconf 79' lang='lat' dir='ltr'>soliis</span> <span class='ocrx_word' id='word_1_69' title='bbox 1230 714 1467 756; x_wconf 81' lang='lat' dir='ltr'>linearibus</span> <span class='ocrx_word' id='word_1_70' title='bbox 1493 715 1634 768; x_wconf 88' lang='lat' dir='ltr'>planis</span> <span class='ocrx_word' id='word_1_71' title='bbox 1655 715 1947 758; x_wconf 81' lang='lat' dir='ltr'>breviusculis</span> 
     </span>
     <span class='ocr_line' id='line_1_10' title="bbox 258 773 1951 828; baseline 0.001 -13"><span class='ocrx_word' id='word_1_72' title='bbox 258 773 425 815; x_wconf 88' lang='lat' dir='ltr'>inferne</span> <span class='ocrx_word' id='word_1_73' title='bbox 446 773 667 815; x_wconf 90' lang='lat' dir='ltr'>interdum</span> <span class='ocrx_word' id='word_1_74' title='bbox 698 773 898 828; x_wconf 89' lang='lat' dir='ltr'>pilosulis</span> <span class='ocrx_word' id='word_1_75' title='bbox 919 774 983 815; x_wconf 84' lang='lat' dir='ltr'>vel</span> <span class='ocrx_word' id='word_1_76' title='bbox 1013 773 1190 826; x_wconf 54' lang='lat' dir='ltr'>glabri&amp;</span> <span class='ocrx_word' id='word_1_77' title='bbox 1217 773 1345 826; x_wconf 77' lang='lat' dir='ltr'>ligula</span> <span class='ocrx_word' id='word_1_78' title='bbox 1366 773 1627 816; x_wconf 77' lang='lat' dir='ltr'>brevissima</span> <span class='ocrx_word' id='word_1_79' title='bbox 1649 774 1803 824; x_wconf 71' lang='lat' dir='ltr'>cibata,</span> <span class='ocrx_word' id='word_1_80' title='bbox 1826 775 1951 828; x_wconf 87' lang='lat' dir='ltr'>pani-</span> 
     </span>
     <span class='ocr_line' id='line_1_11' title="bbox 258 831 1948 885; baseline 0.002 -12"><span class='ocrx_word' id='word_1_81' title='bbox 258 833 366 874; x_wconf 84' lang='lat' dir='ltr'>culae</span> <span class='ocrx_word' id='word_1_82' title='bbox 395 832 476 874; x_wconf 92' lang='lat' dir='ltr'>sub</span> <span class='ocrx_word' id='word_1_83' title='bbox 499 832 668 875; x_wconf 85' lang='lat' dir='ltr'>anthesi</span> <span class='ocrx_word' id='word_1_84' title='bbox 697 832 846 875; x_wconf 79' lang='lat' dir='ltr'>effusae</span> <span class='ocrx_word' id='word_1_85' title='bbox 872 832 1005 874; x_wconf 84' lang='lat' dir='ltr'>ramis</span> <span class='ocrx_word' id='word_1_86' title='bbox 1041 832 1323 885; x_wconf 83' lang='lat' dir='ltr'>capillaribus</span> <span class='ocrx_word' id='word_1_87' title='bbox 1365 831 1635 885; x_wconf 81' lang='lat' dir='ltr'>simplicibus</span> <span class='ocrx_word' id='word_1_88' title='bbox 1678 833 1948 876; x_wconf 86' lang='lat' dir='ltr'>verticillatis</span> 
     </span>
     <span class='ocr_line' id='line_1_12' title="bbox 256 890 1949 944; baseline 0.002 -13"><span class='ocrx_word' id='word_1_89' title='bbox 256 890 420 944; x_wconf 82' lang='lat' dir='ltr'>glabris</span> <span class='ocrx_word' id='word_1_90' title='bbox 446 891 513 933; x_wconf 89' lang='lat' dir='ltr'>vel</span> <span class='ocrx_word' id='word_1_91' title='bbox 536 892 654 944; x_wconf 88' lang='lat' dir='ltr'>apice</span> <span class='ocrx_word' id='word_1_92' title='bbox 679 890 894 944; x_wconf 86' lang='lat' dir='ltr'>pilosulis‚</span> <span class='ocrx_word' id='word_1_93' title='bbox 912 891 1079 944; x_wconf 73' lang='lat' dir='ltr'>spicula</span> <span class='ocrx_word' id='word_1_94' title='bbox 1106 890 1460 943; x_wconf 79' lang='lat' dir='ltr'>hermaphrodita</span> <span class='ocrx_word' id='word_1_95' title='bbox 1488 891 1579 932; x_wconf 90' lang='lat' dir='ltr'>basi</span> <span class='ocrx_word' id='word_1_96' title='bbox 1605 891 1702 944; x_wconf 90' lang='lat' dir='ltr'>pilis</span> <span class='ocrx_word' id='word_1_97' title='bbox 1727 893 1949 935; x_wconf 87' lang='lat' dir='ltr'>rufescen-</span> 
     </span>
     <span class='ocr_line' id='line_1_13' title="bbox 260 949 1947 1004; baseline 0.002 -14"><span class='ocrx_word' id='word_1_98' title='bbox 260 949 373 992; x_wconf 86' lang='lat' dir='ltr'>tibus</span> <span class='ocrx_word' id='word_1_99' title='bbox 402 950 590 1001; x_wconf 80' lang='lat' dir='ltr'>barbata,</span> <span class='ocrx_word' id='word_1_100' title='bbox 619 951 712 1004; x_wconf 84' lang='lat' dir='ltr'>eJus</span> <span class='ocrx_word' id='word_1_101' title='bbox 739 950 885 1002; x_wconf 82' lang='lat' dir='ltr'>gluma</span> <span class='ocrx_word' id='word_1_102' title='bbox 910 950 1114 991; x_wconf 86' lang='lat' dir='ltr'>inferiore</span> <span class='ocrx_word' id='word_1_103' title='bbox 1133 951 1257 1004; x_wconf 80' lang='lat' dir='ltr'>Juxta</span> <span class='ocrx_word' id='word_1_104' title='bbox 1294 953 1528 1002; x_wconf 84' lang='lat' dir='ltr'>utrumque</span> <span class='ocrx_word' id='word_1_105' title='bbox 1563 951 1801 1004; x_wconf 82' lang='lat' dir='ltr'>marginem</span> <span class='ocrx_word' id='word_1_106' title='bbox 1832 951 1947 993; x_wconf 89' lang='lat' dir='ltr'>serie</span> 
     </span>
     <span class='ocr_line' id='line_1_14' title="bbox 256 1008 1947 1062; baseline 0.001 -12"><span class='ocrx_word' id='word_1_107' title='bbox 256 1009 526 1061; x_wconf 89' lang='lat' dir='ltr'>spinularum</span> <span class='ocrx_word' id='word_1_108' title='bbox 552 1008 778 1061; x_wconf 80' lang='lat' dir='ltr'>instructa,</span> <span class='ocrx_word' id='word_1_109' title='bbox 802 1009 1032 1061; x_wconf 85' lang='lat' dir='ltr'>superiore</span> <span class='ocrx_word' id='word_1_110' title='bbox 1050 1009 1092 1050; x_wconf 92' lang='lat' dir='ltr'>in</span> <span class='ocrx_word' id='word_1_111' title='bbox 1121 1008 1297 1049; x_wconf 83' lang='lat' dir='ltr'>aristam</span> <span class='ocrx_word' id='word_1_112' title='bbox 1323 1009 1611 1062; x_wconf 82' lang='lat' dir='ltr'>aequilongam</span> <span class='ocrx_word' id='word_1_113' title='bbox 1636 1010 1837 1062; x_wconf 88' lang='lat' dir='ltr'>abeunte,</span> <span class='ocrx_word' id='word_1_114' title='bbox 1855 1011 1947 1062; x_wconf 85' lang='lat' dir='ltr'>glu-</span> 
     </span>
     <span class='ocr_line' id='line_1_15' title="bbox 258 1067 1954 1121; baseline 0.001 -13"><span class='ocrx_word' id='word_1_115' title='bbox 258 1068 396 1108; x_wconf 78' lang='lat' dir='ltr'>mellae</span> <span class='ocrx_word' id='word_1_116' title='bbox 421 1068 554 1108; x_wconf 79' lang='lat' dir='ltr'>arista</span> <span class='ocrx_word' id='word_1_117' title='bbox 576 1069 627 1109; x_wconf 81' lang='lat' dir='ltr'>ea</span> <span class='ocrx_word' id='word_1_118' title='bbox 651 1068 814 1120; x_wconf 89' lang='lat' dir='ltr'>pluries</span> <span class='ocrx_word' id='word_1_119' title='bbox 846 1067 1035 1119; x_wconf 87' lang='lat' dir='ltr'>longiore</span> <span class='ocrx_word' id='word_1_120' title='bbox 1063 1067 1230 1108; x_wconf 83' lang='lat' dir='ltr'>inferne</span> <span class='ocrx_word' id='word_1_121' title='bbox 1254 1067 1382 1119; x_wconf 73' lang='lat' dir='ltr'>hirta,</span> <span class='ocrx_word' id='word_1_122' title='bbox 1406 1067 1628 1120; x_wconf 88' lang='lat' dir='ltr'>pedicellis</span> <span class='ocrx_word' id='word_1_123' title='bbox 1655 1068 1821 1121; x_wconf 76' lang='lat' dir='ltr'>spicula</span> <span class='ocrx_word' id='word_1_124' title='bbox 1847 1068 1954 1110; x_wconf 84' lang='lat' dir='ltr'>sub·</span> 
     </span>
     <span class='ocr_line' id='line_1_16' title="bbox 258 1125 1944 1179; baseline 0.002 -13"><span class='ocrx_word' id='word_1_125' title='bbox 258 1126 538 1168; x_wconf 89' lang='lat' dir='ltr'>brevioribus</span> <span class='ocrx_word' id='word_1_126' title='bbox 565 1126 832 1179; x_wconf 78' lang='lat' dir='ltr'>spiculisque</span> <span class='ocrx_word' id='word_1_127' title='bbox 862 1126 1113 1168; x_wconf 83' lang='lat' dir='ltr'>lateralibus</span> <span class='ocrx_word' id='word_1_128' title='bbox 1140 1126 1301 1178; x_wconf 85' lang='lat' dir='ltr'>glabris</span> <span class='ocrx_word' id='word_1_129' title='bbox 1338 1127 1397 1176; x_wconf 60' lang='grc' dir='ltr'>Ἃ,</span> <span class='ocrx_word' id='word_1_130' title='bbox 1423 1125 1494 1168; x_wconf 68' lang='lat' dir='ltr'>Ch.</span> <span class='ocrx_word' id='word_1_131' title='bbox 1521 1125 1702 1177; x_wconf 59' lang='lat' dir='ltr'>Gratius</span> <span class='ocrx_word' id='word_1_132' title='bbox 1725 1127 1843 1168; x_wconf 89' lang='lat' dir='ltr'>Trin.</span> <span class='ocrx_word' id='word_1_133' title='bbox 1868 1128 1944 1170; x_wconf 74' lang='lat' dir='ltr'>loe,</span> 
     </span>
     <span class='ocr_line' id='line_1_17' title="bbox 258 1184 1947 1237; baseline 0.001 -11"><span class='ocrx_word' id='word_1_134' title='bbox 258 1186 329 1226; x_wconf 71' lang='lat' dir='ltr'>cit,</span> <span class='ocrx_word' id='word_1_135' title='bbox 372 1184 432 1226; x_wconf 86' lang='lat' dir='ltr'>Fl.</span> <span class='ocrx_word' id='word_1_136' title='bbox 462 1184 615 1233; x_wconf 71' lang='lat' dir='ltr'>Graec,</span> <span class='ocrx_word' id='word_1_137' title='bbox 647 1184 730 1225; x_wconf 88' lang='lat' dir='ltr'>tab.</span> <span class='ocrx_word' id='word_1_138' title='bbox 778 1185 845 1225; x_wconf 82' lang='lat'>67.</span> <span class='ocrx_word' id='word_1_139' title='bbox 888 1209 939 1214; x_wconf 92' lang='lat'>-—</span> <span class='ocrx_word' id='word_1_140' title='bbox 984 1184 1090 1226; x_wconf 89' lang='lat' dir='ltr'>Host</span> <span class='ocrx_word' id='word_1_141' title='bbox 1128 1185 1274 1226; x_wconf 86' lang='lat' dir='ltr'>Gram.</span> <span class='ocrx_word' id='word_1_142' title='bbox 1317 1184 1370 1237; x_wconf 86' lang='lat' dir='ltr'>ll,</span> <span class='ocrx_word' id='word_1_143' title='bbox 1399 1185 1484 1226; x_wconf 85' lang='lat' dir='ltr'>tab.</span> <span class='ocrx_word' id='word_1_144' title='bbox 1536 1185 1567 1225; x_wconf 91' lang='lat' dir='ltr'>l.</span> <span class='ocrx_word' id='word_1_145' title='bbox 1607 1209 1661 1215; x_wconf 78' lang='lat'>—</span> <span class='ocrx_word' id='word_1_146' title='bbox 1694 1185 1808 1229; x_wconf 93' lang='lat' dir='ltr'>Nees</span> <span class='ocrx_word' id='word_1_147' title='bbox 1842 1185 1947 1228; x_wconf 89' lang='lat' dir='ltr'>Gen.</span> 
     </span>
     <span class='ocr_line' id='line_1_18' title="bbox 259 1242 1593 1298; baseline -0.001 -13"><span class='ocrx_word' id='word_1_148' title='bbox 259 1243 405 1286; x_wconf 87' lang='lat' dir='ltr'>Germ.</span> <span class='ocrx_word' id='word_1_149' title='bbox 437 1243 490 1285; x_wconf 90' lang='lat' dir='ltr'>Ic.</span> <span class='ocrx_word' id='word_1_150' title='bbox 521 1267 573 1273; x_wconf 93' lang='lat'><strong>—</strong></span> <span class='ocrx_word' id='word_1_151' title='bbox 600 1242 793 1285; x_wconf 79' lang='grc' dir='ltr'><em>Ροίίιῗηῖα</em></span> <span class='ocrx_word' id='word_1_152' title='bbox 818 1242 999 1298; x_wconf 74' lang='lat' dir='ltr'>Gryllus</span> <span class='ocrx_word' id='word_1_153' title='bbox 1027 1242 1196 1296; x_wconf 84' lang='lat' dir='ltr'>Spreng</span> <span class='ocrx_word' id='word_1_154' title='bbox 1239 1244 1332 1296; x_wconf 84' lang='lat' dir='ltr'>Pug</span> <span class='ocrx_word' id='word_1_155' title='bbox 1381 1243 1429 1293; x_wconf 86' lang='grc' dir='ltr'>ΙΙ,</span> <span class='ocrx_word' id='word_1_156' title='bbox 1455 1256 1495 1297; x_wconf 92' lang='lat' dir='ltr'>p.</span> <span class='ocrx_word' id='word_1_157' title='bbox 1526 1245 1593 1285; x_wconf 79' lang='lat'>10.</span> 
     </span>
    </p>

    <p class='ocr_par' dir='ltr' id='par_1_4' title="bbox 257 1326 1952 1465">
     <span class='ocr_line' id='line_1_19' title="bbox 305 1326 1952 1373; baseline 0.001 -11"><span class='ocrx_word' id='word_1_158' title='bbox 305 1326 407 1362; x_wconf 88' lang='lat' dir='ltr'>Hah.</span> <span class='ocrx_word' id='word_1_159' title='bbox 429 1328 469 1362; x_wconf 87' lang='lat' dir='ltr'>in</span> <span class='ocrx_word' id='word_1_160' title='bbox 489 1328 610 1373; x_wconf 85' lang='lat' dir='ltr'>pratis</span> <span class='ocrx_word' id='word_1_161' title='bbox 629 1329 666 1362; x_wconf 89' lang='lat' dir='ltr'>et</span> <span class='ocrx_word' id='word_1_162' title='bbox 686 1326 853 1362; x_wconf 87' lang='lat' dir='ltr'>collibus</span> <span class='ocrx_word' id='word_1_163' title='bbox 872 1326 1006 1371; x_wconf 84' lang='lat' dir='ltr'>aridis,</span> <span class='ocrx_word' id='word_1_164' title='bbox 1021 1326 1173 1362; x_wconf 66' lang='lat' dir='ltr'>Grzecia</span> <span class='ocrx_word' id='word_1_165' title='bbox 1193 1327 1231 1361; x_wconf 94' lang='lat' dir='ltr'>in</span> <span class='ocrx_word' id='word_1_166' title='bbox 1253 1327 1382 1362; x_wconf 76' lang='lat' dir='ltr'>Attica</span> <span class='ocrx_word' id='word_1_167' title='bbox 1402 1329 1439 1362; x_wconf 91' lang='lat' dir='ltr'>et</span> <span class='ocrx_word' id='word_1_168' title='bbox 1454 1326 1600 1362; x_wconf 78' lang='lat' dir='ltr'>AEtolia</span> <span class='ocrx_word' id='word_1_169' title='bbox 1616 1327 1762 1371; x_wconf 84' lang='lat' dir='ltr'>(Heldr</span> <span class='ocrx_word' id='word_1_170' title='bbox 1777 1328 1815 1373; x_wconf 88' lang='lat' dir='ltr'>l),</span> <span class='ocrx_word' id='word_1_171' title='bbox 1833 1327 1952 1364; x_wconf 84' lang='lat' dir='ltr'>Creta</span> 
     </span>
     <span class='ocr_line' id='line_1_20' title="bbox 257 1373 1949 1421; baseline 0.001 -13"><span class='ocrx_word' id='word_1_172' title='bbox 257 1373 428 1418; x_wconf 62' lang='lat' dir='ltr'>(Simu),</span> <span class='ocrx_word' id='word_1_173' title='bbox 452 1374 683 1409; x_wconf 88' lang='lat' dir='ltr'>Macedonia</span> <span class='ocrx_word' id='word_1_174' title='bbox 704 1377 740 1408; x_wconf 87' lang='lat' dir='ltr'>et</span> <span class='ocrx_word' id='word_1_175' title='bbox 760 1374 929 1408; x_wconf 84' lang='lat' dir='ltr'>Thracia</span> <span class='ocrx_word' id='word_1_176' title='bbox 948 1373 1148 1418; x_wconf 78' lang='lat' dir='ltr'>(Griseb.),</span> <span class='ocrx_word' id='word_1_177' title='bbox 1171 1374 1359 1408; x_wconf 85' lang='lat' dir='ltr'>Anatolia</span> <span class='ocrx_word' id='word_1_178' title='bbox 1380 1375 1419 1408; x_wconf 90' lang='lat' dir='ltr'>in</span> <span class='ocrx_word' id='word_1_179' title='bbox 1446 1373 1572 1419; x_wconf 74' lang='lat' dir='ltr'>Lydia</span> <span class='ocrx_word' id='word_1_180' title='bbox 1603 1375 1706 1410; x_wconf 77' lang='lat' dir='ltr'>circa</span> <span class='ocrx_word' id='word_1_181' title='bbox 1738 1374 1949 1421; x_wconf 79' lang='lat' dir='ltr'>Smyrnam</span> 
     </span>
     <span class='ocr_line' id='line_1_21' title="bbox 257 1420 1949 1465; baseline 0.001 -10"><span class='ocrx_word' id='word_1_182' title='bbox 257 1421 412 1464; x_wconf 86' lang='lat' dir='ltr'>(Boissl</span> <span class='ocrx_word' id='word_1_183' title='bbox 434 1421 556 1465; x_wconf 83' lang='lat' dir='ltr'>Ball),</span> <span class='ocrx_word' id='word_1_184' title='bbox 587 1421 746 1456; x_wconf 82' lang='lat' dir='ltr'>Galatia</span> <span class='ocrx_word' id='word_1_185' title='bbox 776 1421 959 1464; x_wconf 75' lang='lat' dir='ltr'>(Wiedt)‚</span> <span class='ocrx_word' id='word_1_186' title='bbox 992 1420 1131 1456; x_wconf 77' lang='lat' dir='ltr'>Citicia</span> <span class='ocrx_word' id='word_1_187' title='bbox 1165 1421 1303 1465; x_wconf 78' lang='lat' dir='ltr'>(Ball),</span> <span class='ocrx_word' id='word_1_188' title='bbox 1329 1421 1442 1465; x_wconf 87' lang='lat' dir='ltr'>Syria</span> <span class='ocrx_word' id='word_1_189' title='bbox 1470 1422 1570 1456; x_wconf 82' lang='lat' dir='ltr'>circa</span> <span class='ocrx_word' id='word_1_190' title='bbox 1608 1421 1755 1456; x_wconf 88' lang='lat' dir='ltr'>Aintab</span> <span class='ocrx_word' id='word_1_191' title='bbox 1789 1425 1827 1457; x_wconf 89' lang='lat' dir='ltr'>et</span> <span class='ocrx_word' id='word_1_192' title='bbox 1856 1421 1949 1457; x_wconf 79' lang='lat' dir='ltr'>Orfa</span> 
     </span>
    </p>
   </div>
   <div class='ocr_carea' id='block_1_4' title="bbox 257 1467 1948 1560">
    <p class='ocr_par' dir='ltr' id='par_1_5' title="bbox 257 1467 1948 1560">
     <span class='ocr_line' id='line_1_22' title="bbox 257 1467 1948 1560; baseline 0.001 -58"><span class='ocrx_word' id='word_1_193' title='bbox 257 1468 407 1550; x_wconf 46' lang='lat' dir='ltr'>(gughl.)</span> <span class='ocrx_word' id='word_1_194' title='bbox 423 1468 571 1560; x_wconf 42' lang='lat'>59:271),</span> <span class='ocrx_word' id='word_1_195' title='bbox 616 1468 904 1514; x_wconf 82' lang='lat' dir='ltr'>Mesopotamia</span> <span class='ocrx_word' id='word_1_196' title='bbox 940 1467 1169 1512; x_wconf 64' lang='lat' dir='ltr'>(Hausskll,</span> <span class='ocrx_word' id='word_1_197' title='bbox 1208 1468 1408 1503; x_wconf 86' lang='lat' dir='ltr'>Palestina</span> <span class='ocrx_word' id='word_1_198' title='bbox 1455 1468 1560 1512; x_wconf 84' lang='lat' dir='ltr'>(Ball</span> <span class='ocrx_word' id='word_1_199' title='bbox 1576 1470 1603 1514; x_wconf 81' lang='lat' dir='ltr'>l)</span> <span class='ocrx_word' id='word_1_200' title='bbox 1637 1469 1948 1505; x_wconf 84' lang='lat' dir='ltr'>Transcaucasia</span> 
     </span>
     <span class='ocr_line' id='line_1_23' title="bbox 257 1524 448 1556; baseline -0.005 -7"><span class='ocrx_word' id='word_1_201' title='bbox 257 1524 266 1556; x_wconf 68' lang='lat' dir='ltr'>l</span> <span class='ocrx_word' id='word_1_202' title='bbox 309 1526 326 1549; x_wconf 89' lang='lat' dir='ltr'>e</span> <span class='ocrx_word' id='word_1_203' title='bbox 359 1525 377 1550; x_wconf 89' lang='lat' dir='ltr'>e</span> <span class='ocrx_word' id='word_1_204' title='bbox 411 1542 448 1549; x_wconf 94' lang='lat'>..</span> 
     </span>
    </p>
   </div>
   <div class='ocr_carea' id='block_1_5' title="bbox 258 1585 1950 1678">
    <p class='ocr_par' dir='ltr' id='par_1_6' title="bbox 258 1585 1950 1678">
     <span class='ocr_line' id='line_1_24' title="bbox 303 1585 1950 1631; baseline 0.001 -10"><span class='ocrx_word' id='word_1_205' title='bbox 303 1587 364 1622; x_wconf 83' lang='lat' dir='ltr'>Ar.</span> <span class='ocrx_word' id='word_1_206' title='bbox 393 1587 525 1631; x_wconf 78' lang='lat' dir='ltr'>Geoqr.</span> <span class='ocrx_word' id='word_1_207' title='bbox 544 1585 689 1630; x_wconf 80' lang='lat' dir='ltr'>Gallia,</span> <span class='ocrx_word' id='word_1_208' title='bbox 710 1585 896 1620; x_wconf 89' lang='lat' dir='ltr'>Helvetia</span> <span class='ocrx_word' id='word_1_209' title='bbox 923 1587 961 1619; x_wconf 90' lang='lat' dir='ltr'>et</span> <span class='ocrx_word' id='word_1_210' title='bbox 984 1585 1196 1620; x_wconf 87' lang='lat' dir='ltr'>Germania</span> <span class='ocrx_word' id='word_1_211' title='bbox 1215 1585 1415 1630; x_wconf 79' lang='lat' dir='ltr'>australes,</span> <span class='ocrx_word' id='word_1_212' title='bbox 1433 1585 1547 1620; x_wconf 75' lang='lat' dir='ltr'>Italia</span> <span class='ocrx_word' id='word_1_213' title='bbox 1567 1586 1708 1631; x_wconf 81' lang='lat' dir='ltr'>media,</span> <span class='ocrx_word' id='word_1_214' title='bbox 1735 1585 1950 1631; x_wconf 82' lang='lat' dir='ltr'>Dalmatia,</span> 
     </span>
     <span class='ocr_line' id='line_1_25' title="bbox 258 1631 1776 1678; baseline 0.001 -10"><span class='ocrx_word' id='word_1_215' title='bbox 258 1635 365 1678; x_wconf 84' lang='lat' dir='ltr'>regio</span> <span class='ocrx_word' id='word_1_216' title='bbox 386 1632 635 1677; x_wconf 84' lang='lat' dir='ltr'>Danubialis,</span> <span class='ocrx_word' id='word_1_217' title='bbox 654 1632 766 1667; x_wconf 84' lang='lat' dir='ltr'>India</span> <span class='ocrx_word' id='word_1_218' title='bbox 787 1631 971 1677; x_wconf 87' lang='lat' dir='ltr'>borealis,</span> <span class='ocrx_word' id='word_1_219' title='bbox 991 1632 1119 1667; x_wconf 85' lang='lat' dir='ltr'>Africa</span> <span class='ocrx_word' id='word_1_220' title='bbox 1139 1632 1307 1668; x_wconf 82' lang='lat' dir='ltr'>borealis</span> <span class='ocrx_word' id='word_1_221' title='bbox 1326 1633 1365 1667; x_wconf 86' lang='lat' dir='ltr'>in</span> <span class='ocrx_word' id='word_1_222' title='bbox 1391 1643 1510 1678; x_wconf 86' lang='lat' dir='ltr'>regno</span> <span class='ocrx_word' id='word_1_223' title='bbox 1534 1633 1776 1669; x_wconf 84' lang='lat' dir='ltr'>Maroccano.</span> 
     </span>
    </p>
   </div>
   <div class='ocr_carea' id='block_1_6' title="bbox 255 1750 1951 2335">
    <p class='ocr_par' dir='ltr' id='par_1_7' title="bbox 255 1750 1951 2335">
     <span class='ocr_line' id='line_1_26' title="bbox 315 1750 1947 1804; baseline 0 -10"><span class='ocrx_word' id='word_1_224' title='bbox 315 1753 354 1794; x_wconf 65' lang='grc' dir='ltr'>Ξ.</span> <span class='ocrx_word' id='word_1_225' title='bbox 384 1751 436 1794; x_wconf 91' lang='lat' dir='ltr'>C.</span> <span class='ocrx_word' id='word_1_226' title='bbox 464 1751 764 1794; x_wconf 82' lang='lat' dir='ltr'>ciliolatus</span> <span class='ocrx_word' id='word_1_227' title='bbox 804 1750 933 1799; x_wconf 73' lang='lat' dir='ltr'>&lt;Nees</span> <span class='ocrx_word' id='word_1_228' title='bbox 957 1763 1007 1792; x_wconf 86' lang='lat' dir='ltr'>ex</span> <span class='ocrx_word' id='word_1_229' title='bbox 1042 1751 1174 1793; x_wconf 84' lang='lat' dir='ltr'>Steud</span> <span class='ocrx_word' id='word_1_230' title='bbox 1206 1750 1326 1792; x_wconf 86' lang='lat' dir='ltr'>Nom.</span> <span class='ocrx_word' id='word_1_231' title='bbox 1355 1764 1393 1804; x_wconf 91' lang='lat' dir='ltr'>p.</span> <span class='ocrx_word' id='word_1_232' title='bbox 1423 1752 1506 1793; x_wconf 78' lang='lat'>396</span> <span class='ocrx_word' id='word_1_233' title='bbox 1528 1752 1610 1795; x_wconf 89' lang='lat' dir='ltr'>sub</span> <span class='ocrx_word' id='word_1_234' title='bbox 1629 1751 1947 1804; x_wconf 70' lang='lat' dir='ltr'>Andropoyon)</span> 
     </span>
     <span class='ocr_line' id='line_1_27' title="bbox 258 1810 1946 1866; baseline 0.001 -14"><span class='ocrx_word' id='word_1_235' title='bbox 258 1812 463 1866; x_wconf 87' lang='lat' dir='ltr'>perennis</span> <span class='ocrx_word' id='word_1_236' title='bbox 488 1811 744 1863; x_wconf 82' lang='lat' dir='ltr'>cespitosus.</span> <span class='ocrx_word' id='word_1_237' title='bbox 771 1811 924 1852; x_wconf 88' lang='lat' dir='ltr'>culmis</span> <span class='ocrx_word' id='word_1_238' title='bbox 952 1811 1108 1851; x_wconf 83' lang='lat' dir='ltr'>erectis</span> <span class='ocrx_word' id='word_1_239' title='bbox 1135 1810 1303 1851; x_wconf 82' lang='lat' dir='ltr'>inferne</span> <span class='ocrx_word' id='word_1_240' title='bbox 1332 1810 1548 1852; x_wconf 85' lang='lat' dir='ltr'>induratis</span> <span class='ocrx_word' id='word_1_241' title='bbox 1567 1815 1609 1853; x_wconf 91' lang='lat' dir='ltr'>et</span> <span class='ocrx_word' id='word_1_242' title='bbox 1632 1811 1781 1854; x_wconf 88' lang='lat' dir='ltr'>stricte</span> <span class='ocrx_word' id='word_1_243' title='bbox 1803 1824 1946 1853; x_wconf 91' lang='lat' dir='ltr'>ramo·</span> 
     </span>
     <span class='ocr_line' id='line_1_28' title="bbox 256 1869 1950 1922; baseline 0.001 -11"><span class='ocrx_word' id='word_1_244' title='bbox 256 1871 332 1919; x_wconf 78' lang='lat' dir='ltr'>sis,</span> <span class='ocrx_word' id='word_1_245' title='bbox 356 1871 468 1911; x_wconf 86' lang='lat' dir='ltr'>foliis</span> <span class='ocrx_word' id='word_1_246' title='bbox 504 1869 711 1912; x_wconf 88' lang='lat' dir='ltr'>brevibus</span> <span class='ocrx_word' id='word_1_247' title='bbox 748 1869 945 1922; x_wconf 87' lang='lat' dir='ltr'>rigidulis</span> <span class='ocrx_word' id='word_1_248' title='bbox 971 1873 1154 1922; x_wconf 87' lang='lat' dir='ltr'>auguste</span> <span class='ocrx_word' id='word_1_249' title='bbox 1195 1869 1431 1911; x_wconf 87' lang='lat' dir='ltr'>linearibus</span> <span class='ocrx_word' id='word_1_250' title='bbox 1464 1870 1580 1912; x_wconf 85' lang='lat' dir='ltr'>basin</span> <span class='ocrx_word' id='word_1_251' title='bbox 1607 1881 1766 1912; x_wconf 89' lang='lat' dir='ltr'>versus</span> <span class='ocrx_word' id='word_1_252' title='bbox 1789 1870 1897 1913; x_wconf 89' lang='lat' dir='ltr'>ciliis</span> <span class='ocrx_word' id='word_1_253' title='bbox 1927 1883 1950 1912; x_wconf 91' lang='lat' dir='ltr'>e</span> 
     </span>
     <span class='ocr_line' id='line_1_29' title="bbox 257 1927 1946 1983; baseline 0 -12"><span class='ocrx_word' id='word_1_254' title='bbox 257 1929 497 1971; x_wconf 85' lang='lat' dir='ltr'>tuberculis</span> <span class='ocrx_word' id='word_1_255' title='bbox 527 1929 635 1969; x_wconf 82' lang='lat' dir='ltr'>ortis</span> <span class='ocrx_word' id='word_1_256' title='bbox 674 1927 842 1977; x_wconf 84' lang='lat' dir='ltr'>obsitis,</span> <span class='ocrx_word' id='word_1_257' title='bbox 869 1929 999 1981; x_wconf 82' lang='lat' dir='ltr'>ligula</span> <span class='ocrx_word' id='word_1_258' title='bbox 1042 1929 1177 1979; x_wconf 79' lang='lat' dir='ltr'>nulla,</span> <span class='ocrx_word' id='word_1_259' title='bbox 1211 1929 1420 1980; x_wconf 55' lang='lat' dir='ltr'>paniculae</span> <span class='ocrx_word' id='word_1_260' title='bbox 1457 1928 1602 1970; x_wconf 86' lang='lat' dir='ltr'>brevis</span> <span class='ocrx_word' id='word_1_261' title='bbox 1640 1929 1946 1983; x_wconf 84' lang='lat' dir='ltr'>depauperatae</span> 
     </span>
     <span class='ocr_line' id='line_1_30' title="bbox 257 1987 1948 2040; baseline 0.001 -12"><span class='ocrx_word' id='word_1_262' title='bbox 257 1988 390 2030; x_wconf 88' lang='lat' dir='ltr'>ramis</span> <span class='ocrx_word' id='word_1_263' title='bbox 419 1988 606 2036; x_wconf 75' lang='lat' dir='ltr'>liii-tuiis,</span> <span class='ocrx_word' id='word_1_264' title='bbox 629 1988 808 2040; x_wconf 89' lang='lat' dir='ltr'>spiculis</span> <span class='ocrx_word' id='word_1_265' title='bbox 836 1987 973 2028; x_wconf 86' lang='lat' dir='ltr'>ternis</span> <span class='ocrx_word' id='word_1_266' title='bbox 1002 1987 1092 2028; x_wconf 89' lang='lat' dir='ltr'>basi</span> <span class='ocrx_word' id='word_1_267' title='bbox 1136 1987 1232 2040; x_wconf 89' lang='lat' dir='ltr'>pilis</span> <span class='ocrx_word' id='word_1_268' title='bbox 1270 1987 1377 2029; x_wconf 87' lang='lat' dir='ltr'>albis</span> <span class='ocrx_word' id='word_1_269' title='bbox 1403 1989 1470 2030; x_wconf 92' lang='lat' dir='ltr'>vel</span> <span class='ocrx_word' id='word_1_270' title='bbox 1504 1988 1824 2030; x_wconf 83' lang='lat' dir='ltr'>rufescenlibus</span> <span class='ocrx_word' id='word_1_271' title='bbox 1849 1989 1948 2030; x_wconf 87' lang='lat' dir='ltr'>bar-</span> 
     </span>
     <span class='ocr_line' id='line_1_31' title="bbox 257 2046 1946 2101; baseline 0.001 -14"><span class='ocrx_word' id='word_1_272' title='bbox 257 2047 378 2094; x_wconf 88' lang='lat' dir='ltr'>batis,</span> <span class='ocrx_word' id='word_1_273' title='bbox 409 2047 651 2087; x_wconf 86' lang='lat' dir='ltr'>lateralium</span> <span class='ocrx_word' id='word_1_274' title='bbox 680 2046 901 2098; x_wconf 83' lang='lat' dir='ltr'>pedicellis</span> <span class='ocrx_word' id='word_1_275' title='bbox 927 2046 1196 2088; x_wconf 85' lang='lat' dir='ltr'>brevissimis</span> <span class='ocrx_word' id='word_1_276' title='bbox 1225 2046 1422 2093; x_wconf 84' lang='lat' dir='ltr'>hirsutis,</span> <span class='ocrx_word' id='word_1_277' title='bbox 1448 2046 1625 2099; x_wconf 75' lang='lat' dir='ltr'>spinulae</span> <span class='ocrx_word' id='word_1_278' title='bbox 1661 2047 1946 2101; x_wconf 80' lang='lat' dir='ltr'>hermaphro-</span> 
     </span>
     <span class='ocr_line' id='line_1_32' title="bbox 257 2104 1947 2159; baseline 0.001 -13"><span class='ocrx_word' id='word_1_279' title='bbox 257 2105 356 2147; x_wconf 86' lang='lat' dir='ltr'>ditae</span> <span class='ocrx_word' id='word_1_280' title='bbox 390 2106 535 2157; x_wconf 75' lang='lat' dir='ltr'>gluma</span> <span class='ocrx_word' id='word_1_281' title='bbox 559 2105 763 2146; x_wconf 88' lang='lat' dir='ltr'>inferiore</span> <span class='ocrx_word' id='word_1_282' title='bbox 790 2105 884 2146; x_wconf 83' lang='lat' dir='ltr'>laevi</span> <span class='ocrx_word' id='word_1_283' title='bbox 907 2106 1026 2159; x_wconf 85' lang='lat' dir='ltr'>apice</span> <span class='ocrx_word' id='word_1_284' title='bbox 1052 2104 1237 2157; x_wconf 79' lang='lat' dir='ltr'>pilosula</span> <span class='ocrx_word' id='word_1_285' title='bbox 1260 2106 1327 2145; x_wconf 91' lang='lat' dir='ltr'>vel</span> <span class='ocrx_word' id='word_1_286' title='bbox 1361 2105 1555 2157; x_wconf 79' lang='lat' dir='ltr'>glabrata</span> <span class='ocrx_word' id='word_1_287' title='bbox 1582 2105 1626 2146; x_wconf 89' lang='lat' dir='ltr'>in</span> <span class='ocrx_word' id='word_1_288' title='bbox 1650 2105 1828 2147; x_wconf 88' lang='lat' dir='ltr'>aristam</span> <span class='ocrx_word' id='word_1_289' title='bbox 1857 2117 1947 2148; x_wconf 89' lang='lat' dir='ltr'>rec-</span> 
     </span>
     <span class='ocr_line' id='line_1_33' title="bbox 257 2163 1951 2217; baseline 0 -11"><span class='ocrx_word' id='word_1_290' title='bbox 257 2168 342 2206; x_wconf 87' lang='lat' dir='ltr'>tam</span> <span class='ocrx_word' id='word_1_291' title='bbox 370 2164 656 2217; x_wconf 78' lang='lat' dir='ltr'>aequilongam</span> <span class='ocrx_word' id='word_1_292' title='bbox 685 2166 750 2205; x_wconf 89' lang='lat' dir='ltr'>vel</span> <span class='ocrx_word' id='word_1_293' title='bbox 778 2163 1024 2206; x_wconf 89' lang='lat' dir='ltr'>breviorem</span> <span class='ocrx_word' id='word_1_294' title='bbox 1051 2164 1256 2214; x_wconf 87' lang='lat' dir='ltr'>abeunte,</span> <span class='ocrx_word' id='word_1_295' title='bbox 1283 2164 1511 2216; x_wconf 89' lang='lat' dir='ltr'>superi0re</span> <span class='ocrx_word' id='word_1_296' title='bbox 1540 2163 1712 2214; x_wconf 79' lang='lat' dir='ltr'>mutica‚</span> <span class='ocrx_word' id='word_1_297' title='bbox 1734 2165 1951 2217; x_wconf 78' lang='lat' dir='ltr'>glumellae</span> 
     </span>
     <span class='ocr_line' id='line_1_34' title="bbox 255 2222 1947 2277; baseline 0.001 -13"><span class='ocrx_word' id='word_1_298' title='bbox 255 2224 387 2265; x_wconf 80' lang='lat' dir='ltr'>arista</span> <span class='ocrx_word' id='word_1_299' title='bbox 412 2223 453 2264; x_wconf 90' lang='lat' dir='ltr'>in</span> <span class='ocrx_word' id='word_1_300' title='bbox 481 2224 667 2275; x_wconf 89' lang='lat' dir='ltr'>glumam</span> <span class='ocrx_word' id='word_1_301' title='bbox 693 2225 741 2264; x_wconf 78' lang='lat' dir='ltr'>ea</span> <span class='ocrx_word' id='word_1_302' title='bbox 769 2222 934 2277; x_wconf 90' lang='lat' dir='ltr'>pluries</span> <span class='ocrx_word' id='word_1_303' title='bbox 960 2223 1197 2274; x_wconf 85' lang='lat' dir='ltr'>longiorem</span> <span class='ocrx_word' id='word_1_304' title='bbox 1235 2222 1421 2265; x_wconf 89' lang='lat' dir='ltr'>abeunte</span> <span class='ocrx_word' id='word_1_305' title='bbox 1451 2222 1731 2276; x_wconf 86' lang='lat' dir='ltr'>pubescente,</span> <span class='ocrx_word' id='word_1_306' title='bbox 1767 2223 1947 2276; x_wconf 87' lang='lat' dir='ltr'>spiculis</span> 
     </span>
     <span class='ocr_line' id='line_1_35' title="bbox 257 2281 1105 2335; baseline -0.002 -11"><span class='ocrx_word' id='word_1_307' title='bbox 257 2282 509 2324; x_wconf 87' lang='lat' dir='ltr'>lateralibus</span> <span class='ocrx_word' id='word_1_308' title='bbox 535 2282 632 2335; x_wconf 88' lang='lat' dir='ltr'>plus</span> <span class='ocrx_word' id='word_1_309' title='bbox 658 2281 801 2324; x_wconf 84' lang='lat' dir='ltr'>minus</span> <span class='ocrx_word' id='word_1_310' title='bbox 826 2282 1009 2323; x_wconf 84' lang='lat' dir='ltr'>hirsutis</span> <span class='ocrx_word' id='word_1_311' title='bbox 1043 2283 1105 2327; x_wconf 69' lang='lat' dir='ltr'>Qt.</span> 
     </span>
    </p>
   </div>
   <div class='ocr_carea' id='block_1_7' title="bbox 254 2364 1947 2457">
    <p class='ocr_par' dir='ltr' id='par_1_8' title="bbox 254 2364 1947 2457">
     <span class='ocr_line' id='line_1_36' title="bbox 254 2364 1947 2457; baseline 0 -57"><span class='ocrx_word' id='word_1_312' title='bbox 254 2365 402 2456; x_wconf 40' lang='lat' dir='ltr'>(Sssiallg.</span> <span class='ocrx_word' id='word_1_313' title='bbox 418 2366 457 2457; x_wconf 58' lang='lat' dir='ltr'>i&#39;r)1</span> <span class='ocrx_word' id='word_1_314' title='bbox 478 2364 644 2400; x_wconf 85' lang='lat' dir='ltr'>collibus</span> <span class='ocrx_word' id='word_1_315' title='bbox 660 2365 770 2400; x_wconf 84' lang='lat' dir='ltr'>siccis</span> <span class='ocrx_word' id='word_1_316' title='bbox 790 2364 909 2400; x_wconf 87' lang='lat' dir='ltr'>vallis</span> <span class='ocrx_word' id='word_1_317' title='bbox 925 2365 1093 2400; x_wconf 84' lang='lat' dir='ltr'>Kurrarn</span> <span class='ocrx_word' id='word_1_318' title='bbox 1117 2364 1340 2410; x_wconf 87' lang='lat' dir='ltr'>Affghaniae</span> <span class='ocrx_word' id='word_1_319' title='bbox 1362 2364 1495 2408; x_wconf 81' lang='lat' dir='ltr'>(Aitch</span> <span class='ocrx_word' id='word_1_320' title='bbox 1513 2366 1520 2399; x_wconf 86' lang='lat' dir='ltr'>l</span> <span class='ocrx_word' id='word_1_321' title='bbox 1536 2364 1689 2410; x_wconf 82' lang='lat' dir='ltr'>Grifft),</span> <span class='ocrx_word' id='word_1_322' title='bbox 1710 2364 1947 2401; x_wconf 83' lang='lat' dir='ltr'>Belutsehiae</span> 
     </span>
     <span class='ocr_line' id='line_1_37' title="bbox 319 2422 465 2447; baseline -0.007 0"><span class='ocrx_word' id='word_1_323' title='bbox 319 2422 362 2447; x_wconf 88' lang='lat' dir='ltr'>oc</span> <span class='ocrx_word' id='word_1_324' title='bbox 395 2423 432 2447; x_wconf 75' lang='lat' dir='ltr'>s,</span> <span class='ocrx_word' id='word_1_325' title='bbox 458 2439 465 2446; x_wconf 92' lang='lat'><strong>.</strong></span> 
     </span>
    </p>
   </div>
   <div class='ocr_carea' id='block_1_8' title="bbox 253 2486 1948 2659">
    <p class='ocr_par' dir='ltr' id='par_1_9' title="bbox 253 2486 1948 2659">
     <span class='ocr_line' id='line_1_38' title="bbox 311 2486 1944 2541; baseline 0 -12"><span class='ocrx_word' id='word_1_326' title='bbox 311 2488 341 2541; x_wconf 86' lang='grc' dir='ltr'><em>β</em></span> <span class='ocrx_word' id='word_1_327' title='bbox 364 2487 568 2529; x_wconf 69' lang='lat' dir='ltr'>Anchari.</span> <span class='ocrx_word' id='word_1_328' title='bbox 608 2512 661 2517; x_wconf 88' lang='lat'>-—</span> <span class='ocrx_word' id='word_1_329' title='bbox 686 2487 860 2540; x_wconf 83' lang='lat' dir='ltr'>Vaginae</span> <span class='ocrx_word' id='word_1_330' title='bbox 902 2492 944 2529; x_wconf 88' lang='lat' dir='ltr'>et</span> <span class='ocrx_word' id='word_1_331' title='bbox 978 2487 1076 2529; x_wconf 80' lang='lat' dir='ltr'>folia</span> <span class='ocrx_word' id='word_1_332' title='bbox 1099 2486 1214 2540; x_wconf 89' lang='lat' dir='ltr'>pube</span> <span class='ocrx_word' id='word_1_333' title='bbox 1239 2487 1432 2530; x_wconf 76' lang='lat' dir='ltr'>velutina</span> <span class='ocrx_word' id='word_1_334' title='bbox 1466 2486 1726 2530; x_wconf 78' lang='lat' dir='ltr'>brevissima</span> <span class='ocrx_word' id='word_1_335' title='bbox 1750 2490 1944 2530; x_wconf 76' lang='lat' dir='ltr'>retrorsa</span> 
     </span>
     <span class='ocr_line' id='line_1_39' title="bbox 255 2545 1948 2599; baseline -0.001 -10"><span class='ocrx_word' id='word_1_336' title='bbox 255 2546 534 2599; x_wconf 86' lang='lat' dir='ltr'>pubescentia</span> <span class='ocrx_word' id='word_1_337' title='bbox 571 2547 678 2588; x_wconf 90' lang='lat' dir='ltr'>ciliis</span> <span class='ocrx_word' id='word_1_338' title='bbox 721 2546 1005 2589; x_wconf 86' lang='lat' dir='ltr'>tuber‹ulatis</span> <span class='ocrx_word' id='word_1_339' title='bbox 1046 2558 1161 2599; x_wconf 82' lang='lat' dir='ltr'>saepe</span> <span class='ocrx_word' id='word_1_340' title='bbox 1204 2545 1521 2589; x_wconf 84' lang='lat' dir='ltr'>deficientibus.</span> <span class='ocrx_word' id='word_1_341' title='bbox 1554 2570 1605 2575; x_wconf 89' lang='lat'>—</span> <span class='ocrx_word' id='word_1_342' title='bbox 1649 2546 1948 2599; x_wconf 72' lang='lat' dir='ltr'>Andropoyon</span> 
     </span>
     <span class='ocr_line' id='line_1_40' title="bbox 253 2605 1194 2659; baseline -0.002 -12"><span class='ocrx_word' id='word_1_343' title='bbox 253 2605 446 2647; x_wconf 69' lang='lat' dir='ltr'>Auchert&#39;</span> <span class='ocrx_word' id='word_1_344' title='bbox 473 2605 608 2647; x_wconf 87' lang='lat' dir='ltr'>Boiss.</span> <span class='ocrx_word' id='word_1_345' title='bbox 638 2606 788 2659; x_wconf 88' lang='lat' dir='ltr'>Diagu.</span> <span class='ocrx_word' id='word_1_346' title='bbox 814 2605 907 2647; x_wconf 87' lang='lat' dir='ltr'>Ser.</span> <span class='ocrx_word' id='word_1_347' title='bbox 936 2605 972 2654; x_wconf 95' lang='lat' dir='ltr'>I,</span> <span class='ocrx_word' id='word_1_348' title='bbox 1003 2606 1042 2657; x_wconf 85' lang='lat'>5,</span> <span class='ocrx_word' id='word_1_349' title='bbox 1070 2618 1107 2658; x_wconf 86' lang='lat' dir='ltr'>p.</span> <span class='ocrx_word' id='word_1_350' title='bbox 1135 2606 1194 2645; x_wconf 60' lang='lat' dir='ltr'>7l.</span> 
     </span>
    </p>
   </div>
   <div class='ocr_carea' id='block_1_9' title="bbox 301 2687 1830 2800">
    <p class='ocr_par' dir='ltr' id='par_1_10' title="bbox 301 2687 1830 2800">
     <span class='ocr_line' id='line_1_41' title="bbox 301 2687 1830 2733; baseline -0.001 -8"><span class='ocrx_word' id='word_1_351' title='bbox 301 2690 400 2725; x_wconf 86' lang='lat' dir='ltr'>Hab.</span> <span class='ocrx_word' id='word_1_352' title='bbox 423 2690 462 2724; x_wconf 93' lang='lat' dir='ltr'>in</span> <span class='ocrx_word' id='word_1_353' title='bbox 482 2689 647 2725; x_wconf 77' lang='lat' dir='ltr'>desertis</span> <span class='ocrx_word' id='word_1_354' title='bbox 669 2689 811 2724; x_wconf 83' lang='lat' dir='ltr'>Persiae</span> <span class='ocrx_word' id='word_1_355' title='bbox 832 2688 1017 2724; x_wconf 88' lang='lat' dir='ltr'>australis</span> <span class='ocrx_word' id='word_1_356' title='bbox 1037 2688 1182 2732; x_wconf 83' lang='lat' dir='ltr'>(Auch.</span> <span class='ocrx_word' id='word_1_357' title='bbox 1204 2688 1351 2733; x_wconf 68' lang='grc'>54651),</span> <span class='ocrx_word' id='word_1_358' title='bbox 1372 2687 1600 2724; x_wconf 77' lang='lat' dir='ltr'>Belutschia</span> <span class='ocrx_word' id='word_1_359' title='bbox 1621 2687 1830 2733; x_wconf 85' lang='lat' dir='ltr'>(Stocksl).</span> 
     </span>
     <span class='ocr_line' id='line_1_42' title="bbox 301 2751 1290 2800; baseline -0.002 -12"><span class='ocrx_word' id='word_1_360' title='bbox 301 2752 438 2788; x_wconf 87' lang='lat' dir='ltr'>Facies</span> <span class='ocrx_word' id='word_1_361' title='bbox 461 2752 498 2788; x_wconf 91' lang='lat' dir='ltr'>C.</span> <span class='ocrx_word' id='word_1_362' title='bbox 523 2752 654 2800; x_wconf 77' lang='lat' dir='ltr'>Grylli</span> <span class='ocrx_word' id='word_1_363' title='bbox 672 2763 695 2787; x_wconf 88' lang='lat' dir='ltr'>a</span> <span class='ocrx_word' id='word_1_364' title='bbox 716 2762 794 2798; x_wconf 88' lang='lat' dir='ltr'>quo</span> <span class='ocrx_word' id='word_1_365' title='bbox 820 2754 924 2787; x_wconf 84' lang='lat' dir='ltr'>notis</span> <span class='ocrx_word' id='word_1_366' title='bbox 945 2751 1126 2787; x_wconf 88' lang='lat' dir='ltr'>indicatis</span> <span class='ocrx_word' id='word_1_367' title='bbox 1150 2751 1290 2786; x_wconf 86' lang='lat' dir='ltr'>differt.</span> 
     </span>
    </p>
   </div>
   <div class='ocr_carea' id='block_1_10' title="bbox 301 2823 1269 2870">
    <p class='ocr_par' dir='ltr' id='par_1_11' title="bbox 301 2823 1269 2870">
     <span class='ocr_line' id='line_1_43' title="bbox 301 2823 1269 2870; baseline -0.003 -9"><span class='ocrx_word' id='word_1_368' title='bbox 301 2826 362 2861; x_wconf 77' lang='lat' dir='ltr'>Ar.</span> <span class='ocrx_word' id='word_1_369' title='bbox 386 2826 516 2870; x_wconf 79' lang='lat' dir='ltr'>Geoqr.</span> <span class='ocrx_word' id='word_1_370' title='bbox 546 2825 699 2870; x_wconf 86' lang='lat' dir='ltr'>Scinde,</span> <span class='ocrx_word' id='word_1_371' title='bbox 717 2823 829 2860; x_wconf 86' lang='lat' dir='ltr'>India</span> <span class='ocrx_word' id='word_1_372' title='bbox 847 2823 1032 2869; x_wconf 86' lang='lat' dir='ltr'>borealis,</span> <span class='ocrx_word' id='word_1_373' title='bbox 1058 2823 1269 2859; x_wconf 85' lang='lat' dir='ltr'>Australia.</span> 
     </span>
    </p>
   </div>
   <div class='ocr_carea' id='block_1_11' title="bbox 2045 0 2062 1327">
    <p class='ocr_par' dir='ltr' id='par_1_12' title="bbox 2045 0 2062 1327">
     <span class='ocr_line' id='line_1_44' title="bbox 2045 0 2062 1327; baseline 0 0"><span class='ocrx_word' id='word_1_374' title='bbox 2045 0 2062 1327; x_wconf 95' lang='lat' dir='ltr'> </span> 
     </span>
    </p>
   </div>
  </div>
 </body>
</html>
