2062 3314
255 268 326 305 720
1028 271 1180 299 mmcEs
1627 260 1924 309 Ophioqlossum
1934 289 1943 298 .

695 448 1084 499 orntoatosstlltt
1117 449 1178 511 (L.
1218 448 1317 497 Gen.
1357 446 1505 506 1171).

318 598 453 641 Frons
487 598 654 650 integra
696 595 818 637 venis
856 592 1295 643 anastomosantlbus‚
1326 592 1492 635 frondis
1530 593 1685 637 fertilis
1722 592 1951 647 Sporangia

259 658 373 699 inter
394 669 441 699 se
463 659 643 698 connata
684 655 726 697 in
770 654 933 708 spicam
961 652 1201 706 simplicem
1237 652 1444 694 linearem
1471 651 1698 695 disticham
1738 652 1949 706 disposita

259 721 511 759 transverse
540 713 740 756 bivalvia.

328 838 358 877 t.
383 834 440 878 Ο.
468 834 784 889 vulgatum
809 831 876 887 (L.
899 831 971 885 Sp.
1014 830 1141 883 1518)
1180 831 1333 873 fronde
1368 830 1506 873 sterili
1545 833 1671 873 ovata
1696 830 1764 873 vel
1805 833 1952 873 ovato-

261 894 499 936 lanceolata
527 893 617 935 basi
644 893 829 946 abrupte
853 893 1073 933 attenuata
1097 894 1139 932 et
1164 890 1357 932 breviter
1385 889 1954 943 decurrente,epidermidis

261 953 428 996 cellulis
450 953 672 1003 flexuosis,
697 952 815 1004 spica
838 949 992 992 lineari
1015 951 1138 991 acuta
1163 949 1408 1002 pedunculo
1425 960 1505 990 suo
1529 948 1732 991 breviore
1753 947 1951 990 frondem

261 1012 456 1054 sterilem
477 1014 726 1064 superante,
752 1009 893 1063 sporis
918 1008 1201 1051 tuberculatis
1230 1014 1288 1054 26.
1313 1008 1367 1050 Ic.
1398 1007 1459 1050 Fl.
1480 1007 1588 1050 Dan.
1607 1006 1691 1050 tab.
1721 1008 1816 1050 147.

308 1084 408 1119 Hab.
430 1085 470 1118 in
489 1084 609 1130 pratis
628 1082 837 1118 umbrosis.
856 1082 951 1116 Asia
972 1082 1100 1116 minor
1119 1081 1186 1124 (ex
1204 1080 1357 1125 Milde),
1388 1081 1537 1116 Pontus
1564 1081 1730 1117 Lazicus
1761 1080 1811 1115 ad
1831 1080 1956 1116 Rhize

263 1131 403 1176 (Ball),
424 1130 539 1176 Syria
559 1131 598 1165 in
620 1131 743 1166 hortis
769 1129 967 1164 umbrosis
996 1131 1034 1163 et
1068 1127 1246 1163 humidis
1278 1128 1326 1163 ad
1356 1127 1530 1163 Zebdani
1559 1138 1682 1174 prope
1721 1127 1958 1163 Damascum

265 1180 362 1223 (Ky.
381 1178 427 1213 80
440 1180 476 1223 l),
493 1178 651 1221 Tauria,
677 1177 877 1212 Caucasus
906 1179 942 1210 et
969 1175 1280 1210 Transcaucasia
1318 1174 1368 1209 ad
1395 1175 1583 1221 Caspium
1616 1175 1687 1220 (M.
1707 1174 1748 1210 Β.
1771 1175 1959 1220 Heben),

262 1225 486 1270 Affghaniae
508 1224 604 1260 ditio
623 1225 798 1260 Kurrum
819 1222 966 1267 [Aitch.
990 1222 1054 1258 '154
1067 1224 1111 1267 t).
1136 1222 1192 1257 Fl.
1211 1223 1337 1268 primo
1360 1232 1463 1257 vere.

310 1292 372 1324 Ar.
388 1289 522 1332 Geoqr.
544 1288 705 1333 Europa
724 1289 806 1322 tota
821 1285 989 1321 borealis
1010 1289 1046 1321 et
1064 1285 1193 1321 media
1212 1285 1263 1321 ad
1282 1285 1516 1332 Hispaniam
1536 1287 1574 1322 et
1591 1285 1749 1322 Italiam
1769 1285 1958 1322 centrales

265 1345 402 1382 usque,
421 1335 578 1380 Sibiria,
595 1334 780 1370 America
799 1332 980 1368 borealis.

322 1446 360 1486 ⁶2.
381 1444 438 1487 Ο.
463 1443 872 1488 Lusitanicum
891 1441 962 1497 (L.
988 1440 1060 1495 Sp.
1082 1441 1217 1497 1518)
1245 1440 1473 1484 frondibus
1492 1441 1719 1484 sterilibus
1741 1442 1956 1485 lanceola-

263 1505 317 1546 tis
348 1504 413 1546 vel
443 1501 942 1545 lanceolam-linearibus
977 1514 998 1542 a
1033 1501 1174 1542 medio
1208 1502 1329 1543 basin
1369 1512 1526 1543 versus
1557 1504 1958 1544 cuneato-attenua-

264 1564 332 1615 tis,
359 1562 643 1615 epidermidis
667 1561 838 1604 cellulis
865 1560 1009 1612 rectis,
1037 1561 1155 1614 spica
1180 1560 1332 1602 lineari
1366 1559 1491 1612 longe
1528 1560 1819 1613 pedunculata
1846 1562 1959 1602 tron-

267 1622 343 1664 des
379 1622 553 1663 steriles
578 1623 832 1674 superante,
858 1620 1000 1674 sporis
1020 1619 1200 1662 lievibus
1227 1621 1286 1665 Qt.
1311 1619 1454 1662 Hook.
1485 1622 1527 1662 et
1550 1617 1680 1661 Grev.
1700 1619 1756 1661 Ic.
1780 1619 1864 1661 tab.
1890 1621 1958 1662 80.

271 1696 416 1780 Η111311).
438 1698 488 1779 1ῐέἼ
499 1696 770 1779 Pleloponneso
793 1696 892 1732 circa
911 1696 1086 1731 Navarin
1110 1697 1148 1731 et
1166 1695 1312 1731 Modon
1328 1695 1522 1741 (Panaget
1532 1704 1579 1730 ex
1596 1695 1733 1740 Bory).
1754 1695 1844 1731 Non
1867 1696 1960 1732 vidi.

320 1772 327 1779 .
370 1755 428 1780 an.
491 1754 510 1779 e
544 1755 571 1778 r.

312 1809 374 1844 Ar.
396 1809 528 1853 Geoqr.
550 1808 770 1852 Lusitania,
801 1807 996 1854 Hispania
1023 1808 1233 1853 maritima,
1266 1806 1421 1853 Anglia,
1442 1806 1576 1842 Gallia
1605 1807 1802 1853 australis,
1835 1807 1960 1852 Italia,

267 1856 642 1939 ffitg}a³3.aDal1natia,
677 1856 810 1890 Africa
848 1855 1029 1899 borealis,
1067 1854 1208 1890 insulae
1250 1854 1507 1890 Canarienses
1555 1854 1704 1901 Capitis
1743 1855 1880 1891 viridis
1925 1857 1960 1891 et

436 2053 527 2101 ΤΒ.
570 2053 628 2099 11.
668 2051 1126 2100 OSMUNDACEAE
1161 2051 1220 2098 R.
1260 2052 1338 2099 ΒΓ.
1372 2051 1568 2110 Prodr.‚
1606 2065 1652 2114 p.
1691 2051 1798 2099 161.

328 2188 563 2242 Sporangia
598 2187 1175 2231 membranaceo-reticulata
1212 2188 1406 2230 breviter
1424 2188 1677 2242 pedicellata
1700 2188 1959 2230 exannulata

270 2250 313 2291 in
343 2248 490 2290 valvas
516 2247 637 2290 binas
661 2246 921 2299 regulariter
957 2246 1234 2290 dehiscentia
1266 2247 1561 2289 unilocularia.
1599 2246 1825 2289 Indusium
1865 2246 1959 2289 nul·

271 2309 390 2349 lum..
415 2331 471 2336 —
500 2306 636 2349 Frons
665 2305 918 2348 vernatione
943 2307 1194 2358 circinnata‚
1224 2307 1410 2360 petiolus
1439 2318 1535 2349 cum
1566 2306 1801 2348 rhizomate
1829 2304 1961 2348 conti-

272 2379 397 2409 nnus

795 2527 1032 2577 osmanni
1064 2528 1123 2590 (ι.
1155 2529 1255 2578 aen.
1295 2528 1442 2590 1172).

332 2665 469 2707 Frons
505 2664 761 2719 bipinnatim
811 2668 939 2713 secta,
983 2669 1203 2717 segmenta
1248 2665 1413 2708 sterilia
1446 2669 1490 2709 et
1527 2665 1684 2709 fertilia
1718 2665 1959 2715 dissimilia,

273 2724 561 2824 mssbfonaoea’
596 2723 753 2766 fertilia
795 2727 1012 2766 contracta
1051 2724 1243 2778 margine
1284 2725 1484 2768 sorifera.
1515 2723 1753 2779 Sporangia
1787 2725 1959 2778 globosa

272 2796 311 2835 gi
377 2796 416 2825 a.

335 2900 374 2942 1.
398 2901 455 2944 Ο.
483 2900 707 2956 regalis
737 2900 802 2956 (L.
829 2899 903 2953 Sp.
951 2901 1081 2955 1521)
1112 2903 1340 2945 frondibus
1381 2903 1518 2953 elatis,
1557 2903 1714 2956 petiolo
1750 2902 1960 2945 canalicu-

279 2962 377 3011 lato,
405 2961 641 3012 segmentis
665 2960 947 3003 inl'erioribus
971 2960 1190 3004 sterilibus
1225 2962 1418 3016 pinnulis
1456 2962 1706 3005 lanceolatis
1734 2962 1825 3003 basi
1856 2960 1959 3003 obli-

276 3032 360 3072 que
404 3019 611 3061 truncatis
655 3018 847 3061 obsoleta
882 3019 1118 3062 crenulatis
1160 3019 1342 3072 obtusiS‚
1380 3021 1616 3074 segmentis
1658 3019 1958 3075 superioribus
