2089 3246
94 178 354 226 Alopecurus.
845 183 1070 210 emmam:
1737 175 1808 212 489

100 262 186 305 tata
211 260 467 311 divergenle
495 255 664 311 spicula
683 255 817 311 duplo
843 257 1036 309 longiore
1054 257 1192 309 aucta,
1217 255 1339 309 palea
1357 259 1540 306 anguste
1560 257 1712 299 lineari
1746 259 1805 303 Ωι.

99 320 149 362 Α.
177 318 415 368 Damnatus
433 315 538 358 Pall.
567 314 659 357 Ind.
678 315 812 358 Taur.
832 340 888 346 —
909 315 959 357 A.
979 313 1304 358 PallasiiTrin.
1328 313 1476 356 Gram.
1505 318 1532 356 t.
1553 317 1590 356 2.
1615 341 1668 346 —
1692 316 1810 359 Coto-

99 377 263 420 baclme
284 375 494 429 vayz'nala
529 374 574 416 P.
599 374 652 417 de
678 373 725 415 B.

145 460 248 496 Hab.
268 460 307 494 in
329 458 501 494 collibus
520 468 544 492 a
574 456 662 492 ricis
682 456 842 492 Tauriae
863 456 932 499 (Μ.
956 456 1037 502 Bl),
1054 457 1314 492 Ciscaueasiae
1334 456 1384 492 ad
1404 455 1622 492 Matehuka
1639 458 1802 501 (Heln),

98 507 267 544 Caucasi
285 505 473 542 centralis
492 504 540 540 60
590 503 724 540 ’-9ΟΟΟ’
744 502 803 547 (C.
822 505 869 539 A.
892 504 985 548 Mey
1005 505 1011 538 l
1040 503 1153 539 Hohl
1178 504 1326 549 Ruprli
1348 505 1387 538 et
1405 504 1611 539 orientalis
1637 506 1810 543 8-141000'

93 555 279 601 (Rupr!),
303 553 443 589 Libani
465 552 623 597 regione
645 550 782 597 alpina
801 550 851 586 ad
872 550 1020 586 fontem
1043 551 1181 597 Djouit
1207 554 1244 586 et
1263 550 1312 586 ad
1338 550 1446 585 Dabr
1466 551 1655 593 et2Hadib
1677 553 1744 593 (131
1760 556 1805 598 l).

160 620 190 674 β
224 619 549 671 mzipaleacens.
585 642 637 647 —
678 616 807 658 Palea
846 617 982 659 nulla.
1020 641 1074 646 —-
1109 616 1163 658 A.
1202 615 1527 668 anqustrfolius
1568 617 1626 658 Fl.
1675 617 1811 661 Graec.

100 680 184 723 tab.
203 680 342 721 611.-
366 678 414 719 A.
435 676 628 719 Anchari
650 676 743 718 Bal.
772 675 886 718 Bull.
913 674 1006 718 Soc.
1033 675 1118 718 bot.
1134 675 1203 717 Fr.
1229 675 1347 726 XXI,
1367 689 1461 729 pag.
1486 676 1528 717 11
1565 689 1648 718 non
1677 677 1811 720 Boias.

99 743 145 782 et
171 738 221 781 A.
246 736 496 790 laffliroides
522 736 609 779 Bal.
635 734 729 777 eod.
756 734 834 777 loc.
861 747 945 777 non
974 734 1127 778 Schur.
1154 759 1208 765 —
1238 735 1290 776 A.
1329 735 1606 787 dasyantlms
1629 735 1810 778 Traulv.

102 799 161 852 pl.
215 796 343 851 Casp.
393 795 520 838 Cauc.
564 808 604 848 p.
638 791 713 846 88,
747 793 916 847 (sormae
956 806 979 837 e
1011 793 1112 836 locis
1154 794 1470 837 excelsioribus
1506 796 1618 838 foliis
1650 796 1812 837 radica-

106 857 220 900 libus
259 855 489 898 latioribus
518 856 561 896 et
588 852 895 907 brevioribus).
923 877 978 882 -—
1006 852 1055 894 Α.
1093 852 1274 895 Cassius
1302 852 1440 896 Boiss.
1467 853 1618 907 Diagn.
1646 855 1741 897 Ser.
1784 854 1816 905 l,

151 989 253 1025 Hah.
272 989 311 1024 in
335 987 503 1023 Caucasi
526 986 670 1033 alpinis
702 986 761 1030 (C.
788 987 834 1022 A.
866 985 958 1031 Ml),
992 986 1042 1021 ad
1077 986 1203 1022 moles
1241 986 1429 1032 glaciales
1465 987 1650 1023 Kasbeck
1687 988 1814 1024 10000·

99 1036 248 1082 (Rehm
267 1038 304 1075 l).
323 1034 499 1070 Caucaso
518 1033 702 1070 orientali
722 1033 761 1068 in
787 1033 1000 1069 Tusehetia
1028 1035 1066 1068 et
1098 1033 1307 1069 Pschawia
1337 1035 1441 1070 9000'
1478 1035 1607 1080 (liupr
1628 1037 1665 1079 l),
1691 1035 1815 1070 Ponto

105 1084 246 1120 Lazico
284 1082 388 1118 9000’
417 1082 557 1127 (Ball),
589 1080 751 1127 Olympi
772 1080 938 1127 Bithyni
971 1081 1079 1127 regio
1108 1082 1288 1128 superior
1320 1083 1480 1128 copiose
1509 1082 1663 1126 (Sibtlil
1687 1083 1818 1117 Boiss!

105 1131 274 1176 Clem!).

152 1195 310 1242 Species
329 1193 444 1240 palea
466 1192 676 1229 manifesta
694 1192 758 1228 vel
780 1192 903 1237 nulla,
931 1192 1123 1238 glumelle
1149 1192 1237 1228 basi
1271 1193 1363 1239 plus
1396 1195 1527 1229 minus
1565 1195 1814 1239 marginibus

112 1244 293 1287 connata,
320 1240 466 1287 glumis
494 1241 533 1275 in
566 1238 775 1275 aristulam
813 1239 903 1285 plus
940 1240 1072 1275 minus
1105 1240 1267 1286 longam
1303 1242 1520 1276 attenuatis
1551 1244 1721 1278 varians.
1757 1246 1816 1278 An

103 1290 254 1337 species
275 1292 484 1334 sequentes
504 1287 554 1323 ab
575 1289 621 1324 ea
645 1287 750 1322 notis
771 1290 833 1322 sat
853 1287 1185 1323 firmis-differant
1205 1287 1374 1324 ulterius
1397 1289 1708 1325 observandum.

171 1408 238 1449 11.
265 1406 325 1448 A.
357 1404 634 1461 glacialis
661 1403 726 1454 (C.
756 1405 874 1448 Koch
903 1404 1026 1448 Linn.
1056 1405 1174 1460 XXI,
1204 1419 1246 1460 p.
1275 1409 1380 1462 289.)
1406 1410 1612 1462 perennis
1637 1411 1818 1463 cespite-

107 1478 202 1515 sus,
221 1465 366 1508 radice
395 1465 568 1513 sibi-osa,
589 1464 899 1508 fasciculorum
924 1466 1140 1508 sterilium
1165 1468 1466 1511 etculmorum
1491 1470 1663 1521 vaginis
1681 1482 1815 1511 mem-

111 1525 337 1568 branaceis
360 1525 570 1578 adpresse
597 1522 787 1574 liirtulis,
805 1525 961 1567 culmis
985 1524 1196 1578 elongatis
1224 1528 1493 1580 gracillimis,
1517 1529 1629 1570 soliis
1656 1528 1818 1572 radica-

109 1585 224 1628 libus
251 1584 488 1627 linearibus
514 1583 724 1635 elongatis
749 1582 972 1636 flexuosis,
997 1585 1268 1627 caulinornm
1299 1587 1466 1639 vaginis
1491 1588 1702 1639 elongatis
1731 1601 1814 1630 non

112 1644 179 1685 vel
209 1644 277 1685 vix
314 1643 517 1688 dilatatis,
540 1641 740 1695 panicula
786 1642 1023 1696 spiciformi
1052 1643 1234 1698 oblonga
1269 1646 1334 1687 vel
1374 1646 1819 1700 oblongo-cylindrica

113 1702 268 1746 villosa
291 1705 449 1756 grisea,
473 1701 631 1755 glumis
657 1701 850 1755 undique
873 1702 1038 1744 villosis
1059 1702 1207 1746 liberis
1226 1704 1553 1756 divergentibus
1571 1706 1819 1749 lanceolatis

109 1760 846 1813 attenuato-acuminatis,glumella
874 1773 1067 1814 superne
1093 1761 1247 1805 villosa
1272 1763 1449 1817 oblique
1470 1767 1668 1807 truncata
1687 1765 1818 1807 inter-

113 1821 216 1863 dum
246 1820 570 1863 tridenticulata
596 1822 732 1872 snpra
757 1820 879 1863 basin
909 1820 1044 1863 arista
1069 1822 1312 1875 geniculata
1356 1823 1514 1875 glumis
1553 1824 1685 1878 duplo
1731 1825 1820 1866 lon-

112 1880 232 1933 giore
266 1882 405 1931 aucta,
435 1880 555 1932 palea
584 1879 734 1921 lineari
774 1880 840 1921 vel
875 1880 993 1922 nulla
1029 1881 1089 1926 Di.
1115 1881 1168 1922 Α.
1195 1881 1406 1923 Ponticus
1436 1881 1478 1924 C.
1504 1883 1620 1924 Koch
1647 1884 1721 1925 lec,
1749 1885 1820 1926 cit.

110 1939 265 1988 (forma
289 1939 509 1992 glumellis
532 1938 679 1990 binis).

161 2020 265 2056 Hab.
290 2022 328 2056 in
349 2021 505 2075 regione
528 2021 665 2081 alpina
683 2022 885 2082 superiore
919 2021 1034 2082 Ponti
1071 2023 1199 2059 Lazici
1219 2034 1340 2070 supra
1368 2024 1503 2070 Djimil
1535 2026 1639 2061 8100*
1677 2026 1765 2069 (Bal
1782 2030 1818 2070 l),

115 2068 1821 2165 {iizffiffsssniissgssfgfiiffissfl1.AEssffl02⁰2¹12312233l>525303355effigiale?sslssssflgssisslzss-Iss

114 2162 343 2209 Tuschetia,
360 2163 591 2198 Chewsuria
612 2162 868 2201 9000’-11ΟΟΟ“
886 2165 1018 2210 (Rupr
1035 2167 1075 2211 l).

179 2236 209 2289 β
233 2234 428 2288 gracilis.
472 2260 524 2266 —
570 2235 731 2278 Elatior
769 2248 886 2291 saepe
918 2235 1146 2291 bipedalis,
1175 2239 1352 2292 spiculae
1387 2240 1512 2293 paulo
1537 2242 1735 2295 majores.
1769 2265 1823 2271 —

127 2295 179 2338 A.
201 2293 385 2348 gracilis
409 2294 590 2337 Trautv.
618 2294 677 2336 ΡΙ.
705 2294 830 2350 Casp.
857 2294 983 2338 Cauc.
1012 2309 1052 2350 p.
1081 2298 1150 2339 88.

117 2370 337 2455 &siphin
360 2369 573 2462 T'ijschetia
592 2370 641 2406 ad
661 2370 800 2407 Dartlo
820 2370 1031 2417 (Raddel),
1055 2372 1103 2407 ad
1126 2372 1246 2409 Diklo
1267 2375 1360 2409 etin
1380 2374 1648 2420 Dagbestania
1663 2375 1825 2410 australi

253 2455 262 2461 ἱ
302 2427 374 2464 upl‘
390 2444 396 2451 .
421 2444 428 2451 .

170 2482 327 2529 Species
347 2491 370 2516 a
389 2481 526 2517 formis
546 2482 594 2517 A.
616 2486 798 2529 vaymatz
822 2485 963 2530 praeter
980 2483 1133 2520 culmos
1154 2485 1319 2530 graciles
1339 2486 1464 2521 elatos
1491 2490 1526 2521 et
1551 2488 1718 2531 vaginas
1737 2498 1825 2522 cau-

123 2529 226 2566 linas
253 2539 331 2564 non
353 2528 538 2564 dilatatas
558 2530 667 2575 spica
693 2530 870 2575 longiore
889 2532 926 2566 et
952 2540 1058 2577 saepe
1089 2532 1221 2567 minus
1255 2533 1390 2577 densa,
1423 2533 1584 2580 spienlis
1607 2535 1827 2569 minoribus

120 2576 351 2620 discedens;
372 2575 485 2622 palea
505 2577 544 2611 in
565 2577 852 2623 speciminibus
872 2581 1059 2614 caeterum
1079 2579 1294 2616 simillimis
1313 2580 1424 2616 adest
1445 2581 1507 2616 vel
1528 2581 1647 2616 deest.

193 2697 254 2739 12.
279 2696 340 2739 A.
370 2696 623 2740 Auchori
657 2696 819 2753 (Boiss.
860 2699 1011 2753 Diagn.
1039 2699 1133 2742 Ser.
1164 2701 1195 2750 Ι,
1222 2701 1289 2750 13,
1319 2714 1356 2755 p.
1383 2702 1458 2756 41)
1491 2703 1714 2755 perennis,
1742 2704 1826 2745 rlii-

124 2758 294 2800 zemate
313 2755 526 2809 cespitoso
553 2757 722 2810 vaginis
755 2757 1096 2802 membranaceis
1117 2759 1161 2801 in
1188 2759 1321 2802 fibras
1349 2760 1504 2804 solutis
1533 2761 1671 2804 obsito
1697 2764 1827 2804 stolo-

128 2828 206 2860 nes
229 2819 433 2869 repentes
467 2815 690 2869 elongatos
715 2816 885 2869 edente,
915 2817 1027 2859 loliis
1055 2818 1292 2861 linearibus
1325 2821 1828 2863 attenuato-acuminatis

125 2874 304 2928 glabris,
338 2874 493 2917 culmis
525 2874 736 2927 elongatis
776 2876 942 2936 yaginis
984 2877 1058 2919 2-ss
1091 2877 1302 2931 elongatis
1335 2878 1407 2920 vix
1438 2878 1626 2921 dilatatis
1663 2880 1828 2924 obsitis.

129 2933 328 2987 panicula
352 2933 607 2987 spicael'ormi
632 2934 980 2988 ovato-oblonga,
1001 2935 1159 2990 glumis
1190 2937 1556 2981 sericeo-hirsutis
1582 2938 1828 2981 lanceolatis
