2062 3314
234 241 309 279 »1ss0
907 237 1189 266 commoneam:
1679 221 1914 260 colchicum.

240 319 607 367 subbrevioribus‚
650 316 772 370 stylis
811 313 990 357 stamina
1032 307 1339 363 superantibus
1380 307 1499 360 apice
1535 306 1786 348 incrassatis
1810 307 1914 349 sub·

241 380 402 423 falcatis
425 382 465 419 et
492 375 799 420 unilateraliter
821 369 1080 425 stigmatosis
1111 375 1168 415 20¹.
1214 367 1258 410 C.
1283 365 1487 408 Batansoe
1513 364 1672 407 Plancli
1696 364 1812 406 Ann.
1840 364 1911 407 Sc.

243 438 335 480 Nat.
369 437 467 477 1855
495 448 535 489 p.
566 435 656 475 145.

242 511 387 603 Segtan
413 510 452 544 in
479 510 631 554 reglone
651 506 858 552 subalpina
879 504 998 540 Tauri
1020 502 1165 540 Cilicici
1183 500 1326 538 4-5000·
1348 501 1442 546 (Ky.
1460 499 1539 535 91⁸1
1561 499 1635 535 Bal
1650 500 1693 544 l).
1728 499 1787 535 Fl.
1812 500 1915 546 Aug.

300 621 329 673 β
361 617 641 670 leirttssormn.
669 640 725 646 —-
751 615 963 668 Perigonii
988 613 1151 656 laciniae
1169 610 1631 666 parteinferioriintus
1650 609 1748 664 plus
1766 610 1913 653 minus

243 679 454 721 velutinae.
477 700 535 705 —-
554 676 584 717 C
602 673 807 727 Kotsclzyi
832 674 968 716 Boiss.
992 673 1141 724 Diagn.
1171 672 1262 714 Ser.
1293 671 1348 713 13
1371 683 1412 724 p.
1437 666 1506 711 38.

291 760 389 795 Hal).
408 761 446 794 in
467 758 614 794 Isauria
634 758 730 793 inter
760 756 962 802 Beychehr
987 758 1023 790 et
1052 754 1209 790 Koniah
1247 753 1400 797 (Heldr.
1436 752 1579 797 12572),
1608 752 1650 787 in
1687 751 1832 799 alpinis
1865 752 1914 788 ad

243 807 379 842 Muscli
399 805 591 841 Armeniae
610 804 659 847 (K
667 814 701 849 y.
729 803 866 849 Snppl.
885 803 1002 849 5531),
1022 803 1063 837 in
1084 802 1224 837 Persiae
1245 799 1494 836 occidentalis
1519 798 1743 845 subalpinis
1766 798 1913 836 57000’

241 855 338 888 inter
362 853 482 887 Silina
503 855 539 886 et
558 850 837 890 Kermanchah,
868 852 907 885 in
928 852 1056 885 monte
1076 848 1227 883 Elvend
1244 857 1366 893 supra
1390 845 1598 882 Hamadan
1625 849 1664 881 et
1687 847 1729 883 in
1766 845 1915 882 ditione

243 900 465 984 psscfstgggiis)
485 897 689 944 (Hausskn
724 897 791 932 927
822 899 858 932 et
887 896 987 942 928),
1029 896 1077 931 ad
1120 895 1271 930 radices
1296 895 1443 929 montis
1481 893 1626 928 Elbrus
1654 892 1797 929 Persiae
1832 892 1915 930 bor.

248 979 258 988 κ
290 956 493 1053 SJpatliain
511 1010 602 1053 typo
623 1016 709 1041 cum
727 1005 879 1051 vaginis
897 1004 1091 1040 interdum
1109 1003 1195 1039 9-10
1220 1002 1432 1050 pollicaris‚
1460 1002 1617 1048 vaginae
1643 1002 1684 1037 in
1719 1012 1800 1037 var.
1829 1001 1915 1037 bre-

245 1055 382 1089 viores.
410 1054 601 1099 Porigonii
627 1053 776 1088 laciniae
804 1052 866 1088 3-5
891 1053 1015 1087 lineas
1044 1051 1135 1090 latae
1162 1051 1345 1086 informa
1377 1050 1508 1096 typica
1533 1049 1597 1085 2-2
1617 1049 1661 1095 ¹s2
1681 1048 1852 1096 pollices,
1874 1050 1915 1084 in

244 1100 428 1135 varietate
446 1100 465 1134 1
493 1100 577 1144 ¹l²·2
602 1100 760 1146 pollices
793 1100 930 1144 longae,
963 1098 1132 1133 antherae
1151 1098 1188 1136 '4
1208 1097 1294 1137 ¹l2·5
1323 1097 1447 1132 lineas
1485 1096 1628 1142 longae.
1661 1096 1916 1132 Characteres

242 1146 355 1191 hujus
374 1146 509 1192 speciei
525 1147 648 1191 magis
666 1146 838 1191 insignes
856 1146 1005 1180 laciniae
1025 1145 1214 1189 elongatae
1229 1146 1404 1190 angustae
1420 1142 1687 1190 paucinerviae
1702 1142 1916 1190 perigonii,

245 1192 531 1228 filamentorum
550 1192 679 1238 quoad
698 1193 859 1227 lacinias
878 1195 914 1227 et
931 1192 1112 1226 antheras
1134 1191 1305 1226 brevitas
1338 1193 1454 1237 atque
1475 1190 1651 1226 antherae
1679 1189 1913 1226 membrana

244 1240 480 1284 marginatis,
499 1249 579 1274 esse
600 1239 791 1274 videntur.

308 1341 370 1381 11.
403 1340 464 1385 C.
486 1339 873 1394 Byzantinum
908 1339 1054 1395 (Park.
1084 1335 1364 1380 Thema-154
1392 1339 1459 1392 fig.
1484 1337 1532 1387 2⁸)
1563 1350 1708 1381 cormo
1732 1337 1918 1380 maximo

246 1398 501 1450 ougniformi
538 1399 782 1451 irregulari,
812 1398 921 1440 foliis
959 1397 1189 1451 subquinis
1217 1397 1382 1450 magnis
1408 1397 1604 1450 oblongis
1629 1397 1695 1439 vel
1719 1397 1921 1448 oblongo-

249 1456 488 1498 2anceolatis
514 1456 879 1509 longitudinalitor
898 1457 1075 1509 plicatis,
1100 1456 1280 1498 floribus
1300 1456 1344 1497 in
1362 1458 1514 1509 spatha
1532 1455 1797 1505 numerosis,
1815 1455 1920 1498 tubo

244 1513 384 1555 albido
423 1515 583 1556 laciniis
623 1515 1014 1567 obovato-oblongis
1041 1514 1332 1557 obtusissimis
1373 1515 1530 1568 pallide
1572 1515 1712 1557 roseis
1747 1514 1918 1557 inferne

245 1572 361 1614 intus
386 1572 556 1614 hirtulis
579 1574 981 1626 purpureo-striatis
1005 1574 1170 1626 5-6-plo
1195 1573 1400 1626 longiore,
1419 1573 1678 1616 staminibus
1699 1572 1919 1628 perigonio

245 1630 369 1672 tertia
395 1635 514 1684 parte
543 1630 830 1683 brevioribus,
873 1632 1064 1674 authoris
1104 1633 1231 1674 luteis
1269 1632 1462 1675 breviter
1500 1631 1758 1680 linearibus.
1792 1631 1919 1686 stylis

245 1687 508 1741 perigonium
569 1689 919 1744 subaequantibus
957 1691 1074 1744 apice
1109 1691 1431 1734 subincrassato
1481 1690 1677 1734 breviter
1719 1690 1921 1734 recurvis

245 1749 287 1788 et
337 1747 595 1799 stigmatosis
646 1754 700 1794 26.
758 1748 849 1791 Bot.
898 1749 1000 1801 Mag.
1046 1749 1128 1791 tab.
1183 1750 1292 1791 1122
1343 1749 1525 1804 optima!
1592 1771 1648 1780 —
1709 1749 1919 1793 Gartentl.

246 1803 329 1845 tab.
359 1806 455 1846 755.
486 1829 541 1836 —
568 1805 607 1847 C.
627 1806 849 1848 Persicum
869 1811 911 1849 et
937 1807 978 1849 C.
995 1807 1325 1849 Szovitzianum
1348 1809 1470 1851 Hort.
1492 1808 1610 1863 Belg.
1634 1812 1678 1852 et
1698 1809 1844 1852 Germ.
1865 1831 1918 1838 —-

247 1861 488 1904 Colclcicum
505 1864 802 1916 Byzantimmz
824 1865 1062 1918 latifolimn
1083 1865 1197 1909 Clus.
1215 1867 1324 1909 Hist.
1347 1868 1378 1910 Ι.
1402 1869 1481 1910 198
1506 1867 1574 1922 sig.
1596 1868 1670 1911 inf.
1692 1872 1737 1911 et
1752 1868 1835 1910 200
1851 1868 1921 1921 lig.

246 1920 408 1962 sinistr.
434 1945 489 1950 -—
512 1922 553 1964 C.
577 1921 814 1973 latifolium
836 1924 900 1966 Fl.
930 1922 1062 1966 Graec.
1091 1925 1229 1967 descr.
1256 1927 1397 1981 quoad
1423 1927 1538 1969 folia.

290 1994 388 2029 Hal).
402 1996 499 2030 circa
520 1996 751 2041 Byzantium
769 2008 816 2033 ex
836 1998 980 2043 Clusio,
1000 1999 1067 2035 sed
1087 1999 1234 2035 cultum
1250 2002 1401 2036 tantum
1420 2001 1514 2037 vidi.

292 2059 449 2105 Species
471 2060 633 2114 insignis
654 2062 755 2096 foliis
771 2062 911 2108 amplis
942 2062 1093 2100 Veratrz·
1112 2064 1226 2101 modo
1270 2065 1397 2100 licatis
1417 2068 1534 2113 atque
1550 2065 1718 2102 floribus
1751 2075 1922 2112 quorun]

246 2105 362 2157 tubus
383 2107 444 2158 679
463 2107 657 2160 pollio-aris
674 2110 713 2161 et
732 2108 881 2144 laciniae
899 2111 953 2144 eis
970 2110 1008 2146 C.
1022 2112 1182 2157 speciosi
1199 2115 1238 2148 et
1265 2112 1412 2154 atifoliz'
1426 2113 1626 2149 breviores
1644 2112 1922 2160 sesquipollice

245 2161 312 2186 vix
332 2152 522 2197 longiores
548 2158 651 2189 intus
672 2156 819 2191 interne
849 2157 1157 2193 velutino-hirtae
1194 2162 1296 2194 sunt.
1335 2159 1373 2195 G.
1413 2160 1624 2197 Orientale.
1649 2160 1742 2196 Friv
1765 2160 1843 2196 huc
1871 2159 1922 2195 ab

245 2199 464 2234 auctoribus
482 2200 645 2236 rolatum
663 2204 719 2237 est
741 2201 778 2238 C.
803 2202 1006 2240 Taraciam
1029 2205 1168 2241 Janka.

303 2264 344 2329 β.
365 2264 594 2308 Οέίίεἱειωη.
636 2291 693 2299 -
732 2270 879 2312 Floros
916 2272 1099 2325 majores
1136 2284 1210 2316 eos
1252 2274 1292 2317 C.
1331 2273 1516 2325 latifolii
1557 2275 1649 2317 fere
1685 2277 1923 2328 aequantes,

247 2322 416 2364 laminae
437 2323 704 2377 bipollicares
728 2328 1122 2384 elliptico-oblongae
1144 2332 1262 2375 intus
1290 2337 1337 2376 ut
1358 2334 1398 2376 in
1421 2339 1520 2388 typo
1542 2333 1680 2382 hirtae,
1700 2333 1923 2387 folia-typi.

245 2442 256 2466 l
282 2396 394 2451 'Han
417 2397 457 2431 in
474 2397 601 2434 Tauro
616 2398 765 2435 Cilicico
782 2412 917 2455 apago
936 2403 1064 2439 Gulek
1084 2415 1211 2452 usque
1232 2407 1281 2443 ad
1301 2408 1499 2453 regionem
1533 2407 1751 2444 cedrorum
1775 2406 1924 2443 4-6500’

246 2442 334 2487 31xy.
351 2443 396 2478 84.
407 2445 428 2487 l,
444 2444 514 2478 Bal
524 2447 560 2490 l),
577 2446 626 2480 ad
645 2447 760 2492 pylas
777 2449 955 2485 Cilioicas
967 2451 1109 2495 (Heldr
1121 2454 1161 2499 l),
1176 2453 1215 2489 in
1226 2455 1429 2490 cacumine
1441 2456 1586 2490 montis
1598 2454 1726 2491 Cassii
1737 2453 1923 2500 (Boissl).

306 2543 372 2583 12.
405 2541 796 2609 C.·Turcicum
833 2548 989 2603 (Janka
1030 2552 1215 2595 OEsterr.
1257 2555 1362 2598 Zeit.
1393 2556 1518 2606 1873,
1554 2568 1595 2609 p.
1636 2554 1743 2609 242)
1780 2566 1925 2597 cormo

245 2603 379 2666 ovato.
409 2604 643 2654 majusculo
678 2606 832 2649 tunicis
859 2608 903 2650 in
926 2610 1080 2652 collum
1112 2612 1236 2666 longe
1270 2614 1491 2666 productis
1516 2615 1686 2668 vestito,
1708 2614 1820 2656 foliis
1847 2614 1923 2656 6-9

248 2669 438 2724 margine
487 2665 665 2713 anguste
720 2666 1004 2730 cartilagineis
1057 2671 1476 2716 aculeolato-scabris
1522 2686 1655 2726 supra
1709 2671 1924 2715 viridibus

247 2716 397 2781 luendas
439 2717 592 2783 subtus
626 2733 767 2774 opacis
806 2727 996 2768 externis
1036 2728 1325 2773 canaliculatis
1369 2731 1870 2775 lanceolam-linearibus
1898 2743 1921 2772 a

248 2774 384 2840 medio
405 2779 851 2846 utrinqne-attenuatis
866 2785 1144 2829 acutiusculis
1162 2788 1280 2831 humi
1310 2789 1532 2844 adpressis
1560 2790 1784 2834 undulatis
1808 2799 1922 2843 saepe

246 2832 474 2898 tortilibus,
500 2838 778 2904 interioribus
802 2842 954 2885 erectis
980 2845 1117 2896 planis
1153 2851 1334 2899 anguste
1360 2848 1614 2903 linearibus,
1637 2848 1820 2892 floribus
1846 2848 1921 2890 3-8

247 2900 381 2956 roseis
413 2891 513 2959 tubo
546 2894 709 2962 lacinns
740 2899 897 2952 saepius
933 2902 1093 2956 2-3-910
1117 2904 1307 2958 longiore
1342 2907 1509 2951 laciniis
1541 2907 1925 2962 chimino-lanceo-

241 2946 344 2989 -latis
383 2949 448 2991 vel
488 2951 720 2997 lmearibns
743 2956 907 3001 obtusis
945 2962 1123 3006 maculis
1168 2963 1446 3009 dilatioribus
1483 2966 1704 3010 interdum
1737 2966 1924 3009 obscure
