2089 3246
109 192 262 230 Carex.
841 199 1089 226 CYPERACEAE
1747 191 1818 228 395

676 339 840 389 GAREx
873 340 936 401 (L.
973 340 1071 390 Gen.
1110 339 1259 401 1045).

173 478 322 522 Flores
342 476 624 520 unisexuales
645 477 684 518 in
711 476 900 530 spiculas
926 477 1207 520 unisexuales
1229 477 1294 518 vel
1320 475 1596 531 androgynas
1617 477 1814 532 dispositi

114 537 167 580 ad
184 537 357 579 axillam
376 537 622 589 glumarum
646 547 772 578 secus
793 537 891 578 axin
909 536 1237 579 imbricatarum
1259 536 1455 578 solitarii.
1474 536 1602 577 Mas-e.
1624 536 1815 580 Stamina

115 597 198 640 tria
226 597 339 638 intra
360 597 562 649 glumam.
583 594 696 637 Fem.
717 593 941 637 Utriculus
962 607 1037 637 seu
1063 595 1337 648 pei-igynium
1364 595 1581 648 glumellis
1599 596 1666 638 vel
1687 609 1815 649 squa-

115 655 247 698 mulis
270 655 382 697 binis
410 655 524 697 inter
550 666 597 696 se
624 654 818 696 connatis
843 657 1046 697 constans
1075 654 1375 706 tagenaeforme
1400 655 1519 708 apice
1547 659 1816 697 contractum

115 714 313 758 ovarium
336 713 575 756 includens.
594 712 743 767 Stylus
762 713 913 756 unicus
929 714 1204 767 stigmatibus
1224 714 1299 754 2-:3
1315 724 1367 754 ex
1384 725 1458 754 ore
1477 713 1652 755 utriculi
1671 726 1818 756 exser-

114 774 184 816 tis.
211 771 378 815 Nucula
418 784 668 826 compressa
703 772 768 813 vel
806 773 970 825 trigona
1013 773 1198 815 utriculo
1222 776 1346 814 aucto
1377 772 1556 818 inclusa.
1586 795 1631 803 -
1664 773 1816 815 [Ierbae

112 843 342 887 perenneS,
370 832 549 885 spiculis
576 831 641 873 vel
679 831 885 873 solitariis
920 833 987 875 vel
1018 833 1180 885 saepius
1205 831 1245 872 iu
1276 831 1437 884 spicam
1468 831 1533 872 vel
1571 831 1815 885 paniculam

114 891 348 944 dispositis,
376 891 420 932 ln
449 891 671 933 nonnullis
697 890 926 945 speciebus
951 891 1168 934 utriculos
1195 891 1248 932 ad
1276 891 1412 932 ovarii
1440 889 1564 931 basin
1591 891 1816 933 aristulam

113 954 274 993 rectam
298 950 418 1004 (axin
442 950 585 1003 ssoris)
609 950 803 992 includit.
831 972 883 978 -—
921 948 1070 992 Genus
1095 950 1392 993 vastissimum
1420 949 1546 1003 cujus
1586 962 1815 1002 monogra-

113 1009 213 1063 pbia
251 1009 418 1062 species
451 1021 537 1052 non
582 1009 822 1051 secundum
864 1008 1135 1052 characteres
1179 1009 1276 1062 plus
1310 1009 1454 1051 miuus
1493 1008 1742 1051 artificiales
1776 1013 1820 1051 et

112 1068 361 1118 variabiles,
386 1069 460 1110 sed
496 1068 737 1111 secundum
766 1080 913 1110 veram
950 1068 1202 1111 affinitatem
1233 1079 1500 1110 enumerans
1531 1068 1655 1110 valde
1682 1080 1819 1122 exop-

116 1127 257 1169 tanda.

529 1265 779 1319 spec-imma
804 1266 1098 1309 Orientale'um
1127 1265 1398 1309 distributio.

298 1390 423 1433 Sum.
456 1389 485 1433 1.
512 1389 944 1433 PSYLLOPHORAE
978 1390 1094 1432 Lois.
1125 1413 1181 1421 —
1207 1388 1383 1444 Spicula
1411 1390 1606 1433 solitaria

578 1450 821 1492 terminalis
848 1449 983 1492 dioica
1010 1450 1076 1493 vel
1104 1450 1368 1503 androgyna.

790 1559 801 1570 ‘
828 1559 1021 1605 Stigmata
1040 1559 1148 1594 hina.

164 1640 204 1679 C.
223 1641 481 1686 Dammana,
503 1643 710 1690 pulsem-is.
729 1641 944 1690 oreophe‘la.

786 1736 796 1746 ”
822 1735 832 1746 ”
860 1734 1053 1781 Stigmata
1067 1735 1152 1771 tria.

159 1815 197 1853 C.
221 1817 458 1864 paeceiflora,
482 1815 777 1864 mieroyloclee'n,
802 1817 1040 1864 Risi-enaim.
1061 1817 1307 1865 capitellaca.

113 1952 232 1997 Sec‘r.
261 1953 311 1997 11.
335 1953 711 2000 CYPEROIDEAE
743 1957 858 1999 Kocli
881 1955 986 2010 Syn.
1010 1978 1068 1986 —
1086 1953 1273 2009 spicuiae
1300 1954 1564 2008 androgynae
1585 1953 1625 1995 iu
1651 1954 1818 2007 capitu-

319 2013 406 2056 lum
425 2015 735 2068 subglobosum
765 2016 989 2058 involucro
1014 2016 1138 2066 longo
1159 2014 1406 2070 2-3-phyllo
1431 2014 1617 2056 cinctum
1649 2013 1819 2066 conglo-

348 2074 472 2116 batae.
500 2074 649 2130 Stigm.
677 2076 718 2116 2.
746 2075 893 2118 Facies
916 2074 1091 2128 Cypere'.

158 2181 196 2219 C.
221 2184 464 2230 eyperoz'des.

98 2300 233 2346 sacr.
274 2303 345 2346 Ill.
384 2304 616 2348 VIGNEAE
656 2306 773 2349 Koch
819 2305 924 2360 Syn.
956 2330 1013 2337 —
1047 2305 1233 2356 Spiculae
1272 2304 1537 2357 androgynae
1574 2303 1616 2344 in
1643 2303 1819 2356 spicam

347 2365 594 2407 continuam
625 2366 690 2407 vel
734 2366 1024 2419 interruptam
1067 2365 1288 2419 dispositae
1329 2364 1394 2405 vel
1437 2362 1705 2416 particulata),
1731 2363 1819 2404 siu-

345 2424 457 2476 gulze.
478 2423 651 2466 bractea
678 2425 807 2469 fultae.
834 2424 1040 2478 Stigmata
1069 2424 1310 2478 saepissime
1335 2423 1446 2465 bina.

738 2533 787 2567 A.
811 2552 852 2556 —-
873 2532 1069 2578 Stigmata
1091 2531 1197 2566 bina.

657 2621 667 2631 ⁸
696 2619 866 2666 Spiculae
886 2630 1055 2667 superne
1075 2620 1278 2655 masculae.

622 2712 662 2752 4-
691 2709 818 2746 Radix
837 2709 1064 2746 stolonisera
1084 2709 1147 2745 vel
1167 2719 1318 2755 repens.

157 2786 199 2824 C.
221 2787 425 2836 physocles,
443 2789 618 2835 incurva,
643 2791 900 2839 stenophycla‚
929 2792 1071 2835 divisa,
1094 2791 1301 2827 arenaria.

580 2885 621 2925 -l-
651 2885 692 2925 —4-
719 2882 846 2919 Radix
868 2885 1014 2921 fibi-osa
1035 2884 1200 2929 cespites
1220 2882 1349 2918 edens.

160 2959 198 2997 C.
219 2959 396 3008 Cui-alea,
425 2962 600 3010 vulpina,
620 2964 884 3011 vulpe'noe'dea‚
898 2965 1111 3010 mur-icam
1129 2963 1296 3001 divulsa.
1316 2959 1547 3010 paradoxa,
1563 2961 1814 3009 particulata.
