2062 3314
263 165 334 202 468
1004 173 1228 204 GRAMINEAE
1696 166 1956 206 Phacelurus.

545 350 877 401 ruicaiunus
912 351 1096 415 (arisai.
1127 353 1236 416 spic.
1265 353 1381 402 num.
1410 353 1682 417 11,p.423).

325 490 510 544 Spiculae
530 490 572 532 in
596 491 773 534 racheos
798 504 1058 547 compressae
1082 494 1408 537 subartlculalae
1431 494 1646 538 excisuris
1676 495 1800 545 binae,
1822 497 1960 540 altera

266 549 434 592 sessilis
463 550 622 603 glumis
658 550 769 593 binis
800 550 963 605 liberis,
991 553 1126 595 altera
1152 553 1404 606 pedicellata
1435 554 1641 607 pedicello
1673 554 1837 596 rachidi
1879 567 1963 597 non

264 608 438 656 adnato,
467 612 652 663 utraque
687 609 840 652 biflora
865 610 1047 653 flosculo
1078 612 1281 653 inferiore
1306 613 1498 655 masculo
1526 613 1754 666 superiore
1778 613 1965 656 femineo

267 667 333 710 vel
357 667 401 709 in
426 667 594 721 spicula
624 668 876 721 pedicellata
901 682 1075 723 quoque
1100 671 1312 713 masculo.
1353 671 1521 713 Glumae
1561 672 1764 716 coriaceae
1797 673 1968 715 lanceo-

268 729 364 768 tatae
400 725 768 780 inaequilaterales
811 728 1024 771 carinatae.
1055 729 1269 772 Glumella
1303 733 1345 771 et
1372 730 1491 783 palea
1533 731 1722 773 tenuiter
1750 731 1967 773 membra-

265 796 407 827 naceae
438 786 683 827 lanceolatae
728 786 981 840 aequilongae
1006 787 1077 830 illa
1113 788 1392 841 plurine1·vis‚
1421 790 1540 842 palea
1580 789 1785 833 binervis.
1817 789 1957 844 Squa-

268 844 396 886 mulae
420 844 532 886 binae
564 847 758 887 cuneatae
795 846 970 901 oblique
1003 849 1223 889 'truncatae
1255 847 1613 890 inciso-dentatae.
1656 848 1847 891 Stamina
1880 849 1963 891 tria

268 903 463 945 antlieris
498 903 650 956 longis
694 902 805 957 Styli
858 905 1126 955 terminales,
1174 907 1373 959 stigmata
1412 907 1534 960 longa
1577 907 1776 962 plumosa
1821 908 1970 950 diver-

264 961 407 1013 gentia
443 974 577 1015 prope
626 962 748 1004 basin
791 963 917 1006 floris
965 965 1243 1018 emergentia.
1268 964 1546 1019 Caryopsis...
1582 966 1724 1008 Herba
1755 966 1963 1021 perennis

266 1020 390 1070 elata,
414 1020 595 1074 spiculis
618 1021 662 1063 in
688 1021 830 1074 spicas
854 1034 1126 1076 compressas
1163 1024 1436 1076 longissimas
1471 1025 1590 1067 laxas
1614 1025 1864 1068 terminales
1897 1025 1964 1066 vel

267 1079 537 1121 fasciculatas
567 1079 634 1122 vel
674 1081 818 1122 rarius
850 1082 1067 1124 solitarias
1104 1082 1342 1136 dispositis.
1376 1082 1524 1126 Genus
1561 1084 1689 1125 affine
1716 1083 1968 1126 Rotboellioe

266 1150 362 1192 quae
389 1138 533 1180 differt
556 1139 688 1192 spicis
711 1140 960 1198 cylindricis
983 1152 1060 1183 nec
1087 1142 1350 1196 compressis
1376 1143 1573 1184 articulis
1609 1143 1728 1186 facile
1758 1142 1971 1186 seceden-

266 1196 392 1240 dibus
415 1198 535 1251 apice
560 1198 774 1250 profunde
797 1199 1030 1242 excavatis.

330 1317 367 1357 1.
391 1315 449 1358 Ρ.
492 1314 787 1370 digitatus
820 1316 982 1368 (Siblh.
1013 1321 1055 1359 et
1091 1317 1176 1360 Sm.
1209 1317 1271 1360 Fl.
1305 1316 1438 1360 Graec.
1474 1318 1506 1372 Ι,
1537 1319 1621 1362 tab.
1655 1321 1709 1361 92
1747 1319 1828 1362 sub
1860 1319 1972 1362 Rot-

265 1372 441 1428 boellz'ci)
462 1375 682 1428 perennis,
712 1375 946 1418 rhizomate
973 1388 1121 1418 crasso
1151 1389 1317 1420 ramoso
1345 1382 1541 1432 repente,
1565 1378 1810 1421 turionibus
1829 1391 1962 1432 squa-

270 1434 350 1475 mis
393 1434 531 1475 ovatis
573 1434 865 1476 multinerviIS
896 1435 1131 1477 imbricatis
1184 1436 1369 1486 vestitis,
1414 1438 1567 1478 culmis
1603 1437 1809 1491 proceris,
1852 1437 1970 1479 foliis

269 1493 353 1534 late
388 1492 626 1534 linearibus
653 1494 793 1546 planis
831 1494 994 1546 glaucis
1030 1494 1222 1547 margine
1262 1494 1427 1538 scabris
1456 1495 1507 1536 ad
1533 1497 1709 1548 vaginas
1734 1496 1964 1539 inferiores

273 1551 516 1604 praeserlim
552 1551 686 1594 dense
719 1555 760 1594 et
790 1553 1145 1605 adpressiuscule
1185 1554 1347 1607 pilosiS,
1376 1554 1507 1608 spicis
1542 1555 1616 1598 3-5
1652 1557 1696 1597 in
1723 1554 1965 1609 paniculam

267 1610 445 1651 brevem
494 1609 717 1663 dispositis
766 1612 890 1653 unica
931 1612 1151 1654 interdurn
1188 1614 1381 1656 solitaria
1418 1614 1634 1656 terminali
1674 1613 1964 1658 strictissimis

268 1669 406 1720 longis
436 1668 659 1721 laxffioris,
687 1670 859 1712 racliide
884 1670 1096 1722 elongata,
1121 1672 1300 1724 spiculis
1324 1672 1507 1724 geminis
1535 1673 1699 1716 dissitis
1723 1672 1973 1727 superioris

268 1728 477 1781 pedicello
502 1728 723 1770 interdum
747 1730 924 1783 spiculae
956 1730 1212 1783 {equilongo⁷
1236 1731 1393 1783 glumis
1422 1732 1670 1774 lanceolatis
1709 1732 1964 1774 acuminatis

267 1786 468 1829 elevatim
496 1788 692 1829 nervosis
717 1788 930 1830 scabridis
954 1788 1160 1831 inferiore
1181 1790 1374 1843 longiore
1402 1796 1461 1837 26.
1489 1790 1535 1832 P.
1561 1790 1775 1843 (imitatus
1793 1790 1966 1834 Griseb.

268 1845 293 1886 l.
318 1845 387 1886 cit.
421 1859 460 1901 p.
483 1847 581 1888 4024.
606 1871 660 1877 -
688 1845 946 1889 Rottboelle‘a
970 1846 1180 1889 Sandorii
1201 1849 1316 1891 Friv.
1342 1848 1469 1891 Flora
1503 1848 1625 1902 1835,
1650 1863 1690 1904 p.
1717 1851 1814 1892 335.

316 1927 419 1962 Hah.
458 1928 508 1963 ad
544 1938 682 1974 aquas,
720 1929 848 1964 fossas
880 1929 1048 1974 regionis
1090 1930 1295 1973 inferioris,
1329 1930 1560 1966 Macedonia
1597 1942 1718 1978 prope
1756 1931 1966 1977 Stagyram

268 1974 450 2019 (Fried.)‚
470 1974 627 2010 Vodena
647 1975 775 2021 (orph
789 1977 826 2020 l),
847 1976 958 2011 Seres
979 1976 1124 2020 (Janka
1139 1978 1176 2023 l),
1198 1977 1367 2012 Thracia
1386 1978 1548 2023 (Friv!)‚
1570 1978 1759 2024 Bithynia
1776 1979 1826 2014 ad
1843 1979 1965 2014 Brus-

267 2031 351 2056 sam
372 2021 546 2067 (Simu),
564 2022 692 2066 Lydia
710 2032 830 2068 prope
847 2023 1027 2058 Kassaba
1048 2025 1178 2068 (Boiss
1195 2027 1234 2069 l),
1246 2027 1282 2059 et
1297 2025 1537 2070 Magnesiam
1551 2026 1658 2070 (Ball
1675 2025 1967 2072 13!)‚Cataonia

267 2068 306 2103 in
327 2070 562 2114 graminosis
584 2069 816 2116 Giaurdagb
837 2080 956 2116 prope
976 2071 1156 2106 Mai-asch
1179 2071 1361 2115 (Haussk
1375 2074 1411 2116 l).

319 2141 452 2177 Culmi
486 2142 739 2189 3-5-peda1es,
765 2144 885 2190 spicae
919 2144 1195 2191 ‘hd-pedales,
1229 2145 1365 2191 gluma
1395 2147 1563 2182 exterior
1592 2147 1656 2183 5-7
1688 2146 1813 2183 lineas
1846 2146 1977 2192 longa*

269 2189 490 2225 acuminata
511 2190 783 2236 subpungens.

850 2325 938 2374 ΤΡ..
976 2327 1057 2374 IV.
1096 2327 1382 2376 ORYZEAE.

331 2443 516 2497 Spiculae
544 2444 600 2499 (in
632 2444 816 2500 nostris)
843 2459 866 2487 a
905 2446 1039 2489 latero
1077 2457 1338 2500 compressae
1373 2447 1569 2489 unissorae
1604 2447 1979 2501 hermaphroditae*

270 2503 524 2556 paniculatae
553 2503 669 2546 rachi
693 2504 1027 2547 inflorescentiae
1061 2518 1144 2547 non
1187 2506 1426 2548 articulata.
1464 2504 1630 2548 Glumae
1666 2506 1853 2549 minimae
1899 2506 1964 2549 vel

271 2561 414 2613 nullae.
450 2561 664 2605 Glumella
683 2567 725 2605 et
753 2564 872 2616 palea
894 2565 1139 2606 chartaceae.
1164 2564 1326 2607 Tribus
1351 2563 1633 2607 Phalarideis
1656 2565 1813 2621 affinis.

551 2721 764 2770 LEERSlA
800 2722 979 2784 (Soland.
1016 2724 1056 2770 in
1092 2722 1171 2772 Sw.
1196 2723 1258 2771 Fl.
1295 2722 1447 2780 lnd.1,
1482 2737 1521 2785 p.
1558 2723 1681 2785 119).

333 2856 518 2910 Spiculae
544 2857 744 2901 uniflorae
771 2870 886 2913 saepe
911 2858 1064 2901 abortu
1089 2859 1262 2901 steriles
1292 2871 1314 2901 a
1335 2858 1468 2901 latere
1492 2871 1766 2914 compressae.
1797 2858 1977 2902 Glumae·

272 2915 413 2958 nullae.
441 2914 651 2959 Glumella
690 2918 1154 2971 compresso-carinam
1179 2915 1335 2960 r’nulica
1374 2919 1518 2961 clausa
1546 2918 1812 2972 longitudine
1837 2918 1979 2973 quin--
