2062 3314
255 206 326 244 ¹242
1009 213 1210 240 LILIACEAE
1791 203 1977 243 Allium-‚-

322 290 391 332 25.
427 287 489 332 A.
530 285 938 342 calypt'ratum
977 286 1139 342 (Boiss.
1171 286 1325 340 Diagn.
1360 283 1456 328 Ser.
1493 283 1527 333 I,
1567 285 1632 331 13,
1668 297 1707 338 p.
1739 285 1811 338 30)
1848 286 1973 331 bulbi

260 348 377 393 ovati
401 345 561 391 tunicis
586 345 717 388 fuscis
752 357 944 399 superne
973 346 1017 388 in
1043 346 1227 399 ‘vaginas
1259 344 1482 396 elongatas
1520 343 1637 386 laxas
1671 343 1806 387 caulis
1844 344 1975 389 basin

258 408 499 452 vestientes
524 404 746 458 productis
772 408 815 446 et
838 405 881 446 in
901 404 1035 447 fibras
1053 405 1224 455 solutis,
1254 415 1386 457 scapo
1407 403 1460 444 ad
1487 403 1656 445 tertiam
1685 404 1752 445 vel
1780 405 1971 448 mediam

258 470 430 522 partem
453 464 599 508 foliato
627 464 729 506 folia
757 463 933 506 linearia
962 465 1088 518 plana
1118 462 1396 506 multinervia
1429 459 1678 505 abbreviata
1705 468 1970 517 superante,

259 525 414 580 spatha
452 523 781 566 membranacea
815 523 985 566 rubella
1021 522 1356 576 calyptraeformi
1401 522 1530 563 ovata
1566 521 1609 563 in
1649 522 1878 575 cuspidem
1913 526 1969 566 ea

259 585 499 638 longiorem
530 582 716 635 abrupte
754 580 932 624 abeunti
964 582 1137 624 tandem
1172 580 1451 623 circumcissa
1491 583 1533 622 et
1578 580 1731 623 lacera
1765 580 1964 634 decidua,

262 642 490 697 spathellis
533 641 641 683 albis
677 640 829 683 laceris
862 641 914 683 ad
954 641 1263 694 pedicellorum
1303 638 1444 689 basin,
1475 639 1675 682 umbellae
1712 639 1970 684 laxiusculae

266 697 540 745 l'O-15-ssorae
564 699 785 754 pedicellis
810 698 1100 754 inaequalibus
1118 701 1226 742 flore
1252 697 1449 752 1-1s2-pl0
1480 698 1764 753 longioribus,
1795 701 1966 753 perigo-

262 762 321 804 nii
361 760 447 803 albi
485 760 679 802 breviter
706 759 996 812 campanulati
1038 759 1197 813 phyllis
1231 757 1576 810 ovato-oblongis
1614 758 1781 800 obtusis
1818 759 1969 802 carina

261 819 507 863 subvirenti
546 817 794 860 scabridula
832 818 882 869 in
913 829 1165 860 mucronem
1211 816 1471 872 prominuffi,
1501 818 1737 860 filamenlis
1774 817 1971 861 dilatatis

261 879 424 932 glabris
462 877 647 920 internis
687 876 831 919 tribus
862 877 1163 931 tricuspidatis
1191 877 1373 931 cuspide
1405 876 1668 918 intermedia
1693 876 1967 920 antherifera

263 938 538 989 subexserta‚
560 935 812 979 lateralibus
842 935 971 989 triplo
1002 936 1269 989 longioribus
1305 942 1364 984 25.
1390 935 1442 976 A.
1467 935 1744 987 yramineum
1766 934 1810 977 C.
1846 936 1968 979 Koch

261 996 385 1038 Linn.
410 995 549 1044 xxii,
584 1008 622 1048 p.
652 995 734 1037 437
753 994 773 1036 ⁶?

308 1072 408 1108 Hah.
431 1071 471 1107 in
491 1070 648 1117 regione
668 1070 803 1116 alpina
826 1070 976 1105 montis
990 1070 1118 1105 Cassii
1137 1070 1263 1116 Syriae
1283 1070 1455 1107 borealis
1476 1070 1660 1115 (Boisst).
1682 1070 1740 1106 Fl.
1754 1070 1849 1106 dun.

305 1137 461 1178 Pedale‚
480 1135 622 1170 tunicae
641 1134 681 1169 in
706 1134 873 1179 vaginas
901 1133 1153 1179 bipollicares
1184 1134 1396 1180 productae,
1422 1133 1612 1169 foliorum
1646 1132 1797 1168 lamina
1830 1133 1850 1169 1
1875 1133 1967 1177 ¹l2-2

261 1184 387 1220 lineas
407 1183 499 1228 lata,
522 1183 637 1217 tiores
655 1181 678 1216 2
699 1181 740 1226 Ὗ.
768 1181 834 1216 lin.
853 1181 962 1226 longi
981 1185 1017 1215 et
1036 1181 1197 1216 totidem
1215 1181 1285 1216 lati
1307 1192 1372 1217 eos
1394 1180 1442 1216 A.
1463 1179 1724 1227 Neapolitani
1739 1181 1963 1217 referentes.

262 1231 445 1268 Plantam
466 1230 512 1266 cl.
539 1230 580 1265 C.
610 1228 721 1264 Koch
750 1238 797 1263 ex
833 1228 955 1263 ssuvio
980 1228 1197 1264 Kharackh
1230 1228 1428 1264 Armeniae
1464 1228 1637 1264 Rossicae
1668 1238 1715 1263 ex
1748 1228 1966 1275 specimine

260 1278 377 1314 valde
396 1277 625 1324 imperfecto
648 1279 685 1312 et
703 1275 847 1322 spatha
873 1275 1012 1311 orbato
1033 1276 1110 1311 huc
1126 1286 1206 1311 non
1227 1276 1380 1323 absque
1401 1275 1525 1311 dubio
1552 1276 1690 1311 refero.

320 1381 390 1422 26.
416 1378 482 1422 A.
515 1376 786 1421 Cilicium
810 1375 969 1430 (Boiss.
1003 1375 1155 1429 Diagn.
1191 1375 1284 1419 Ser.
1327 1376 1359 1429 Ι,
1386 1378 1426 1427 7,
1462 1389 1498 1430 p.
1536 1375 1644 1430 115)
1680 1375 1799 1419 bulbi
1840 1376 1967 1430 parvi

260 1439 374 1482 ovati
414 1437 573 1481 tunicis
608 1436 728 1491 apice
770 1447 898 1478 secus
926 1436 1041 1489 scapi
1067 1435 1187 1479 basin
1226 1437 1449 1489 productis
1478 1439 1520 1479 et
1543 1435 1718 1477 demum
1750 1435 1794 1477 in
1826 1436 1965 1478 fibras

263 1498 435 1548 solutis,
452 1509 580 1551 scapo
598 1494 746 1549 gracili
765 1495 817 1538 ad
844 1495 1034 1538 medium
1050 1495 1140 1538 lere
1156 1495 1301 1538 foliato
1329 1495 1425 1537 folia
1450 1494 1758 1549 angustissime
1782 1494 1964 1538 linearia

261 1556 718 1609 canaliculato-plicata
743 1559 994 1608 superante,
1022 1555 1176 1608 spatha
1203 1553 1462 1597 brevissima
1487 1554 1532 1596 in
1561 1553 1739 1596 lacinias
1775 1554 1969 1596 lineares

262 1618 344 1660 cito
385 1617 542 1669 soluta,
582 1614 782 1657 umbellae
825 1625 972 1667 parvae
1009 1613 1198 1668 globosae
1233 1614 1455 1667 pedicellis
1504 1613 1836 1667 subaequalibus
1866 1611 1964 1654 flori

259 1676 516 1732 aequilongis
543 1677 624 1716 aut
659 1673 1032 1726 sublongioribuS,
1070 1673 1284 1727 perigonii
1322 1672 1819 1727 oblongo-campanulati
1858 1684 1966 1726 pur-

260 1736 385 1790 purei
427 1733 586 1789 phyllis
623 1732 827 1775 carinatis
863 1732 1058 1775 externis
1082 1732 1228 1775 carina
1264 1731 1741 1775 verruculoso-scabris
1764 1731 1966 1784 oblongis

257 1794 557 1840 acutiusculis,
602 1792 835 1834 filamentis
874 1791 1015 1835 tribus
1061 1792 1245 1835 internis
1286 1791 1586 1845 tricuspidatis
1626 1789 1716 1833 basi
1756 1790 1962 1833 ciliatulis

257 1851 728 1908 cuspideantherifera
755 1851 1007 1894 lateralibus
1024 1851 1145 1905 apice
1165 1851 1439 1894 subexsertis
1464 1850 1641 1893 dimidio
1669 1850 1872 1894 breviore
1899 1855 1961 1897 26.

307 1935 407 1971 Hab.
427 1935 467 1970 in
486 1934 646 1978 regione
666 1934 859 1968 montana
878 1935 915 1968 et
937 1933 1071 1978 alpina
1089 1933 1208 1968 Tauri
1228 1933 1378 1969 Cilicici
1396 1932 1636 1969 40t'0’17000!
1654 1933 1747 1978 (Ky.
1766 1932 1862 1968 4961
1888 1932 1966 1968 sub

258 1984 307 2019 A.
328 1982 509 2026 rotundo,
529 1981 613 2026 473)
635 1981 768 2016 monte
789 1980 1126 2025 Masmeneudagh
1153 1981 1204 2015 Ce
1238 1981 1409 2026 padoclae
1433 1979 1573 2025 (Ball),
1604 1976 1788 2016 Anatolia
1821 1979 1964 2024 (Auch.

255 2030 542 2075 2197l)‚m0nte
559 2029 712 2064 Amano
732 2027 859 2072 Syriae
889 2027 1056 2062 borealis
1075 2027 1201 2073 (Ky.1
1231 2029 1248 2064 1
1267 2030 1307 2074 ἔ),
1326 2027 1561 2064 Antilibano
1582 2028 1623 2062 in
1649 2027 1794 2074 alpinis
1806 2027 1966 2063 Bludan

259 2078 350 2123 (Ky.
367 2076 438 2113 568
448 2078 487 2122 !),
508 2076 793 2121 Mesopotamia
810 2075 858 2109 ad
881 2074 1037 2110 Mardin
1056 2078 1092 2110 et
1106 2076 1143 2110 in
1157 2075 1311 2111 deserto
1328 2076 1410 2111 Bas
1432 2075 1466 2110 el
1493 2075 1559 2110 ain
1590 2074 1767 2120 (Haussk
1780 2077 1817 2121 1),
1851 2084 1969 2122 prov.

259 2123 592 2161 Transcaucasica
608 2121 823 2168 Karadagh
843 2125 879 2157 et
900 2122 1030 2157 Persia
1053 2122 1199 2158 boreali
1222 2123 1421 2167 (Buhsel).

304 2188 434 2223 Affine
453 2188 499 2222 A.
518 2185 688 2221 rotando
706 2184 777 2220 sed
804 2186 943 2230 praeter
971 2185 1233 2221 characterem
1261 2186 1482 2222 tunicarum
1512 2185 1636 2222 caulis
1651 2184 1851 2231 gracilior,
1865 2184 1968 2220 folia

255 2234 644 2318 aelllitsohziggffissiissil}
664 2231 840 2268 umbella
863 2229 1029 2268 dimidio
1056 2233 1185 2269 minor
1218 2233 1445 2269 avellanam
1478 2233 1601 2280 paulo
1627 2242 1817 2279 superans
1854 2232 1964 2279 pedi-

317 2381 386 2423 27.
426 2379 475 2423 A
512 2377 937 2423 scabrissorum
976 2378 1134 2434 (Boiss.
1174 2378 1325 2432 Diagn.
1375 2378 1469 2421 Ser.
1504 2377 1535 2428 Ι,
1579 2380 1618 2429 5,
1647 2391 1683 2431 ρ.
1721 2377 1796 2432 60)
1840 2378 1962 2421 bulbi

256 2440 378 2495 parvi
413 2439 527 2482 ovati
560 2438 718 2481 tunicis
746 2438 943 2480 externis
980 2449 1171 2491 superne
1205 2437 1428 2491 productis
1465 2437 1726 2480 reticulatim
1768 2437 1959 2486 iibrosis‚

257 2512 385 2553 scapo
411 2498 531 2541 tenui
556 2497 705 2540 humili
726 2496 914 2549 rigidulo
939 2497 1199 2540 aseendente
1226 2497 1279 2538 ad
1302 2497 1474 2540 tertiam
1496 2499 1660 2550 partem
1681 2497 1834 2539 folioso
1860 2497 1963 2540 folia

257 2558 475 2601 filiformia
519 2556 759 2600 subteretia
786 2556 1151 2599 subcaualiculata
1182 2560 1433 2611 superante,
1459 2555 1624 2610 spathae
1653 2555 1761 2597 albae
1797 2559 1966 2598 tenerae

255 2618 397 2660 valvis
441 2617 556 2659 binis
593 2615 840 2659 rotundatis
876 2616 1105 2658 cucullatis
1153 2615 1415 2658 brevissime
1458 2615 1725 2657 mucronatis
1769 2615 1961 2658 umbella

255 2676 550 2725 brevioribus,
577 2675 776 2719 umbellae
798 2674 988 2728 globosae
1012 2675 1234 2728 pedicellis
1259 2674 1367 2716 flore
1391 2673 1826 2728 sesquilongioribus,
1848 2675 1964 2726 peri-

253 2737 367 2788 gonii
407 2735 583 2778 caerulei
614 2734 905 2789 campanulati
941 2734 1101 2787 phyllis
1134 2734 1329 2786 oblongis
1356 2736 1475 2786 apice
1507 2733 1743 2776 attenuatis
1768 2733 1959 2776 acutius-

254 2796 364 2838 culis
402 2795 597 2837 externis
628 2794 774 2836 carina
817 2793 1235 2846 papilloso-scabris,
1259 2793 1492 2835 filamentis
1528 2792 1667 2835 tribus
1711 2792 1899 2835 internis
1935 2805 1960 2833 a

254 2853 344 2896 basi
378 2855 461 2896 late
496 2853 731 2897 lanceolata
754 2853 902 2905 glabra
926 2852 1224 2906 tricuspidatis
1249 2853 1430 2906 cuspide
1468 2851 1735 2893 antherifera
1773 2851 1962 2893 subbre-

254 2914 373 2956 viore
399 2913 651 2957 lateralibus
676 2912 948 2966 perigonium
973 2912 1265 2965 aequaiitibiis‚
1296 2911 1531 2954 filamentis
1567 2911 1762 2954 externis
1791 2910 1970 2964 simpli—

254 2973 379 3016 cibus
407 2971 734 3027 angustioribus
763 2976 805 3014 et
839 2971 1204 3015 subbrevioribus
1237 2976 1295 3018 26.
