2062 3314
238 201 311 240 518
969 210 1193 237 GRAMINEAE
1725 202 1926 249 Ayrostis.

265 366 387 409 Smer.
413 365 487 411 III.
512 365 703 408 APERA
723 365 806 410 Ad.
837 390 888 395 —
922 364 1134 408 Glumella
1169 364 1304 409 adest.
1335 388 1391 394 -
1422 365 1736 407 Rudimentum
1775 365 1897 409 floris

639 424 819 468 secundi
847 424 1123 478 stipitiforme
1150 427 1194 466 et
1222 424 1339 478 palea
1365 423 1540 469 adsunt.

300 550 366 594 12.
400 549 461 594 A.
494 547 668 603 Spica
708 548 875 591 venti
911 546 972 603 (L.
1012 546 1084 600 Sp.
1129 546 1204 601 91)
1250 560 1407 598 annua,
1439 547 1578 590 culmo
1618 551 1762 590 erecto
1803 549 1932 601 elato,

237 608 349 651 foliis
374 607 513 661 planis
543 606 769 650 latiuseule
795 606 1032 649 linearibus
1054 606 1240 659 asperis,
1263 606 1395 659 ligula
1410 606 1606 660 elongata
1633 607 1785 654 lacera,
1811 608 1932 660 pani-

237 667 344 708 eulae
374 667 585 719 elongatae
625 665 778 718 amplae
815 665 985 708 diffusae
1033 665 1166 706 ramis
1211 665 1593 708 semiverticillatis
1639 666 1927 720 inaequalibus

237 725 516 778 capillaribus
558 725 825 767 tricliotomis
871 724 1180 778 pedieellisque
1225 724 1408 777 asperis,
1441 724 1601 777 glumis
1642 724 1928 779 inaequalibus

236 784 486 826 lanceolatis
529 784 785 826 acuminatis
823 783 967 825 carina
998 782 1178 833 scabriS,
1207 783 1411 834 glumella
1452 783 1611 835 glumis
1650 783 1932 836 sublongiore

233 845 358 885 acuta
380 843 461 885 sub
485 842 604 894 apice
645 842 777 884 arista
817 841 1076 884 tenuissima
1104 840 1299 884 flexuosa
1333 842 1499 894 spicula
1527 842 1697 896 4-8-plo
1736 842 1929 895 longIOre

235 903 373 947 aucta,
413 901 607 943 antheris
648 900 1017 953 lineari-oblongis
1052 904 1117 950 (Ξ).
1142 899 1250 942 Host
1286 900 1432 945 Gram.
1455 903 1484 944 t.
1513 901 1581 946 47.
1606 924 1664 930 —
1687 901 1804 954 Engl.
1831 900 1926 948 Bot,

235 959 318 1004 tab.
344 961 498 1004 951.—
549 959 681 1004 Rchb.
706 960 853 1004 Germ.
890 960 958 1012 fig.
990 959 1084 1004 125.
1111 981 1167 989 —
1204 958 1350 1010 Apera
1381 958 1509 1011 Spica
1542 959 1660 1001 venti
1681 960 1772 1006 Pal.
1799 960 1852 1002 de
1882 959 1930 1005 Β,

279 1043 381 1079 Hah.
412 1044 452 1078 in
484 1043 598 1079 cultis
635 1044 854 1087 praesertim
884 1044 984 1078 inter
1010 1043 1176 1087 segetes,
1201 1042 1346 1077 Tauria
1379 1042 1534 1088 (Stev.),
1558 1054 1669 1089 prov.
1706 1043 1930 1079 Caucasicae
1963 1069 1965 1079 ,

236 1091 306 1134 (Μ.
320 1092 352 1126 Β
386 1091 430 1126 C.
454 1090 611 1136 Koch).
634 1091 665 1126 E
685 1091 832 1126 ditione
852 1090 1028 1125 nondum
1046 1090 1141 1125 vidi.

280 1163 341 1197 Ar.
362 1163 495 1207 Geogr.
517 1161 678 1207 Europa
705 1162 835 1197 media
862 1161 912 1197 ab
933 1162 1076 1207 Anglia
1102 1162 1139 1196 et
1164 1160 1431 1196 Soandinavia
1456 1162 1624 1197 australi
1659 1162 1709 1197 ad
1748 1162 1931 1200 Rossiam

234 1208 544 1291 ilijiggilalpiiasstmab
580 1209 777 1255 Hispania
808 1208 958 1245 boreali
983 1210 1031 1244 ad
1072 1207 1227 1244 Italiam
1265 1208 1612 1255 septentrionalem
1652 1212 1690 1245 et
1727 1211 1928 1255 regionem

295 1363 360 1409 13.
385 1364 443 1408 A.
471 1364 815 1419 interrupta
836 1363 902 1419 (L.
927 1364 998 1418 Sp.
1023 1364 1098 1419 92)
1125 1376 1281 1413 annua,
1309 1363 1465 1405 culmis
1495 1364 1653 1408 erectis
1678 1364 1928 1419 gracilibus,

233 1421 342 1464 soliis
373 1422 512 1476 planis
539 1427 719 1476 anguste
752 1424 990 1466 linearibus
1016 1424 1200 1476 asperis,
1222 1423 1604 1475 ligulalanceolata
1630 1423 1782 1475 lacera,
1807 1424 1927 1476 pani-

233 1481 338 1523 cula]
375 1485 567 1534 angustae
599 1485 827 1525 contractae
867 1483 998 1524 ramis
1026 1481 1409 1525 semiverticillatis
1436 1482 1526 1524 fere
1550 1494 1572 1523 a
1600 1482 1692 1524 basi
1715 1482 1931 1535 spiculife-

231 1539 293 1581 ris
328 1540 637 1594 pedicellisque
672 1542 850 1591 scabris,
875 1541 1032 1594 glumis
1062 1540 1348 1595 inaequalibus
1375 1540 1622 1583 lanceolatis
1652 1541 1805 1593 acutis,
1827 1542 1925 1593 glu-

231 1599 360 1641 mella
381 1600 539 1651 glumis
568 1600 894 1654 subaequilonga
926 1603 1050 1642 acuta
1073 1600 1265 1652 undique
1290 1600 1494 1653 asperula
1531 1599 1612 1642 sub
1637 1600 1756 1653 apice
1790 1600 1925 1644 arista

231 1658 488 1700 tenuissima
515 1659 709 1701 flexuosa
737 1660 901 1713 spicula
928 1659 1174 1713 quadruplo
1204 1658 1397 1711 longiore
1433 1660 1570 1711 aucta,
1595 1659 1790 1702 antheris
1824 1658 1928 1701 sub-

232 1717 580 1760 rotundo-ovatis
612 1722 676 1768 O.
703 1718 809 1761 Host
836 1717 981 1762 Gram.
1006 1718 1090 1763 tab.
1115 1720 1183 1763 48.
1208 1741 1267 1748 —
1291 1717 1425 1759 Relib.
1457 1717 1604 1762 Germ.
1628 1718 1697 1771 fig.
1726 1718 1820 1762 123.

278 1801 380 1837 Hab.
408 1803 445 1838 in
475 1803 661 1848 arenosis,
689 1803 816 1849 cultis,
849 1803 899 1838 ad
931 1813 1077 1848 muros,
1107 1803 1233 1849 Lydia
1268 1804 1309 1838 in
1345 1803 1467 1838 latere
1498 1803 1748 1838 meridionali
1790 1802 1925 1839 Tmoli

229 1848 408 1893 (Boiss!),
443 1850 615 1895 Phrygia
643 1850 834 1894 (Tabim),
863 1850 1112 1896 Cappadocia
1140 1850 1188 1885 ad
1223 1851 1444 1886 Caesaream
1479 1849 1620 1894 (Ball),
1640 1850 1928 1896 Mesopotamia

229 1896 668 1989 {zigtscigae0{{2}.e}3t·)suerek
689 1898 780 1943 (Ky.
800 1898 891 1942 421),
912 1897 1134 1943 Babylonia
1156 1898 1205 1933 ad
1225 1897 1390 1944 Bagdad
1409 1897 1509 1942 (Noe
1535 1897 1650 1943 6951),
1679 1908 1789 1943 prov.
1823 1898 1927 1934 Cau-

276 2015 338 2050 Ar.
362 2017 493 2060 Geoqr.
513 2016 672 2061 Europa
694 2015 826 2050 media
847 2018 885 2050 et
910 2016 1093 2050 australis
1115 2015 1153 2049 in
1176 2015 1320 2060 Gallia,
1346 2015 1493 2060 Belgio,
1525 2015 1710 2051 Helvetia
1745 2014 1926 2062 australi,

229 2061 453 2108 Germania,
474 2062 678 2109 Hispania,
699 2062 913 2107 Lusitania,
932 2063 1057 2103 Italia,
1079 2063 1238 2107 regione
1258 2062 1488 2108 Danubiali‚
1502 2062 1645 2098 Rossia
1668 2064 1843 2098 australi.

510 2221 821 2270 Gisrmnum
860 2222 923 2283 (r.
947 2222 995 2270 de
1021 2222 1064 2270 B.
1101 2222 1278 2283 Aqrost„
1305 2236 1344 2284 p.
1370 2220 1443 2277 21,
1470 2220 1553 2270 tab.
1586 2222 1649 2281 6).

288 2372 472 2426 Spiculae
496 2373 694 2416 unissorae
714 2374 1080 2427 hermaphroditae
1102 2387 1124 2416 a
1161 2374 1296 2416 latere
1322 2384 1585 2427 compressa}
1615 2373 1796 2415 flosculo
1829 2384 1923 2417 ses-

231 2431 312 2476 sili.
346 2432 513 2474 Glumae
549 2433 659 2475 binae
693 2433 1029 2475 membranaceae
1064 2433 1266 2476 carinatae
1295 2437 1430 2476 acutae
1454 2433 1616 2485 saepius
1641 2433 1732 2475 basi
1761 2433 1923 2475 ventri-

229 2502 339 2533 cosae
381 2491 562 2534 flosculo
607 2493 743 2534 multo
788 2493 1014 2545 longiores.
1060 2492 1274 2535 Glumeila
1315 2496 1356 2534 et
1403 2492 1526 2545 palea
1581 2491 1922 2533 membranaceas

229 2550 430 2601 minimae,
457 2550 528 2591 illa
565 2550 690 2592 latior
729 2551 849 2605 apice
887 2551 1368 2594 truncato-denticulata
1407 2551 1474 2593 vel
1510 2549 1660 2602 biseta,
1684 2551 1766 2592 sub
1803 2550 1922 2604 apice

230 2608 296 2650 vel
342 2609 392 2650 ad
433 2608 553 2650 basin
589 2610 721 2652 arista
754 2610 996 2663 geniculata
1033 2614 1155 2652 aucta
1188 2611 1256 2652 vel
1295 2610 1465 2652 mutica.
1501 2608 1751 2662 Squamulae
1794 2609 1920 2654 binae.

228 2665 336 2720 Styli
387 2668 410 2708 2
448 2667 621 2717 breves,
669 2669 866 2722 stigmata
908 2670 1106 2722 plumosa
1157 2669 1209 2711 ad
1261 2669 1382 2711 basin
1424 2668 1602 2722 spiculae
1642 2667 1920 2721 emergentia.

227 2724 462 2780 Caryopsis
500 2726 683 2770 obovata
723 2728 889 2770 macula
927 2728 1051 2769 hilari
1090 2728 1365 2781 punctisormi
1393 2727 1613 2780 glumellis
1647 2727 1814 2769 obtecta
1843 2726 1921 2768 sed

228 2783 363 2827 libera
405 2785 644 2839 pericarpio
683 2798 766 2828 non
800 2786 985 2831 solubili.
1009 2811 1064 2817 —
1100 2787 1257 2828 Herbae
1296 2787 1398 2828 facie
1426 2785 1563 2831 Phlei.
1594 2809 1649 2815 —-
1686 2784 1833 2828 Genus
1868 2784 1922 2827 ab

227 2843 459 2895 Ayrostc‘a'e
481 2845 639 2897 glumis
669 2845 760 2886 basi
786 2845 884 2899 plus
909 2845 1052 2888 minus
1071 2845 1328 2888 ventricosis
1354 2849 1396 2887 et
1415 2845 1595 2887 flosculo
1615 2856 1696 2886 non
1723 2844 1917 2898 stipitato

229 2902 494 2948 distinctum.
542 2903 591 2945 G.
633 2903 777 2945 nitens
802 2904 957 2958 glumis
998 2905 1091 2946 basi
1119 2913 1211 2947 ‘non
1244 2904 1500 2947 ventricosis
1534 2906 1576 2947 et
1613 2903 1747 2945 arista
1780 2902 1917 2945 basali

228 2961 459 3004 transitum
484 2962 598 3004 inter
618 2963 707 3004 haec
729 2974 888 3016 genera
916 2964 1095 3016 praebet.
