2089 3246
107 182 308 223 Aristida.
851 191 1077 221 eRAmNssAE
1744 191 1814 228 493

105 266 342 322 paradoxa
373 264 566 309 Schmidt
593 263 693 319 Cap.
720 265 852 308 Verd.
881 279 922 321 p.
946 268 1046 310 140.
1073 290 1129 299 -
1160 268 1213 310 A.
1240 268 1453 321 Kotschyz·
1479 270 1651 314 Hochst.
1671 296 1728 304 —
1757 275 1808 316 A.

108 325 303 378 stipacw
327 324 514 367 Ehrenb.
546 323 644 367 Mss.
669 349 726 356 —
747 325 798 366 Α.
826 325 1139 369 macranthera
1168 326 1344 373 Hochst.

157 407 260 444 Hah.
282 408 322 442 in
337 406 467 442 littore
484 406 909 454 AEgyptiaco-Arabieo
930 408 980 444 ad
998 408 1127 445 Ouadi
1143 409 1388 446 Tundebach
1407 410 1557 455 (SchW.
1578 422 1656 448 exs.
1675 413 1817 459 masi),

107 455 150 492 in
178 454 386 490 Belutchia
402 453 564 499 (Frere).

158 527 302 565 Planta
330 528 410 565 4-5-
442 527 614 565 ollicariS
649 530 775 566 rarius
812 529 893 565 sere
922 528 1088 576 pedalis,
1113 529 1253 576 glum-a
1280 531 1461 578 superior
1487 531 1511 567 8
1536 531 1663 568 lineas
1687 533 1815 579 longa,

109 576 213 613 rami
233 575 407 622 2-¹l2·p01
427 577 560 611 icares.

155 649 218 684 Ar.
240 648 375 692 Geoqr.
396 646 786 694 Nubia‚Abyssinia,
804 647 956 684 Arabia
978 648 1145 695 tropica,
1160 648 1385 695 Senegalia.

167 764 208 806 6.
258 762 318 807 A.
360 761 867 814 Schweinfurthii,
912 776 1058 807 annua
1106 764 1389 817 multicaulis,
1433 766 1588 809 culmis
1639 768 1815 822 pumilis

106 823 258 867 stricte
283 821 610 876 ramosissimis,
631 821 744 865 foliis
776 822 1036 866 tenuissime
1059 823 1300 866 linearibus
1316 825 1578 875 convolutis,
1603 826 1734 879 ligula
1757 827 1809 868 ad

107 882 295 938 pilorum
328 893 530 923 coronam
564 881 764 932 reducta,
791 881 990 935 panicula
1027 882 1220 925 conserta
1259 883 1393 926 ramis
1429 885 1591 927 1-2-nis
1627 887 1812 936 strictis,

105 941 267 995 glumis
290 939 541 983 lanceolatis
570 940 695 983 valde
726 940 1030 995 inaequilongis
1051 941 1259 984 inferiore
1288 942 1491 985 breviore
1515 943 1684 997 longius
1717 957 1814 986 cus-

107 998 272 1054 pidata,
300 998 507 1053 glumella
530 999 737 1042 inferiore
761 1000 921 1051 glumis
946 1000 1082 1043 multo
1107 999 1311 1043 breviore
1335 1001 1483 1056 stipite
1517 1005 1643 1056 longo
1668 1003 1815 1057 glabro

106 1058 340 1110 insidente,
372 1057 506 1100 arista
543 1069 597 1100 ex
622 1058 747 1112 apice
777 1058 993 1111 glumellae
1030 1059 1201 1102 inferne
1235 1059 1421 1113 simplici
1459 1063 1573 1104 torta
1600 1063 1815 1116 glumellae

104 1116 349 1172 aequilongfi
381 1117 427 1159 in
464 1119 581 1160 setas
619 1120 710 1159 tres
744 1120 869 1170 parte
901 1117 1088 1170 simplici
1131 1118 1353 1161 multoties
1382 1120 1598 1173 longiores
1627 1121 1816 1164 tenuiter

106 1176 337 1231 capillares
360 1175 637 1229 divergentes
655 1175 922 1231 aequilougas
951 1176 1092 1219 divisa
1120 1181 1186 1228 Θ.

153 1258 257 1295 Hab.
276 1259 319 1295 in
337 1258 466 1294 littore
487 1257 911 1305 AEgyptiaco-Arabico
938 1258 1039 1294 inter
1059 1259 1206 1295 Kosser
1227 1262 1266 1295 et
1291 1259 1373 1296 Ras
1400 1260 1551 1297 Benass
1576 1261 1811 1306 (Schweius.

106 1313 150 1344 n⁰
175 1306 318 1351 25171)‚
338 1307 379 1342 in
403 1308 579 1342 arenosis
596 1306 801 1351 graniticis
821 1305 974 1341 Zabara
994 1306 1179 1351 (Husson
1192 1308 1229 1351 l).

157 1378 292 1415 Culmi
329 1377 634 1425 1-3-pollicares,
665 1378 797 1414 aristae
829 1388 921 1425 pars
951 1378 1113 1414 inferior
1144 1379 1321 1414 indivisa
1355 1379 1379 1416 2
1410 1380 1538 1416 lineas
1575 1381 1703 1427 longa,
1730 1383 1814 1428 ejus

101 1426 202 1464 rami
226 1427 411 1472 pollicem
435 1425 563 1472 longi.
595 1425 657 1461 Ab
688 1425 737 1462 A.
770 1422 1016 1469 sasez'calatc'i
1043 1425 1207 1472 spiculis
1242 1426 1368 1463 multo
1400 1428 1632 1472 minoribus,
1674 1429 1805 1465 aristae

106 1474 281 1522 partium
301 1473 554 1519 proportione
573 1473 740 1509 diversa.
761 1473 903 1509 Planta
931 1472 1059 1508 affinis
1091 1483 1141 1509 ex
1169 1474 1387 1519 Abyssinia
1421 1475 1595 1522 Schimp.
1619 1476 1713 1511 2108
1740 1476 1813 1511 sub

106 1521 268 1558 nomine
300 1519 400 1556 falso
425 1520 498 1555 Ar.
525 1519 747 1556 barbz’collz‘s
766 1520 875 1556 Trio.
909 1521 1017 1567 (quae
1049 1521 1233 1557 sectionis
1258 1520 1460 1558 Choetarz'a
1491 1525 1568 1568 est)
1602 1523 1814 1558 distributa

105 1568 184 1605 fuit
201 1567 358 1614 vaginae
378 1567 456 1603 oris
477 1568 592 1613 longe
612 1567 801 1614 barbatis,
832 1567 970 1614 gluma
1003 1569 1203 1614 superiore
1240 1569 1351 1616 apice
1387 1569 1559 1606 breviter
1585 1570 1813 1616 tridentam„

105 1618 193 1660 etc,
217 1617 350 1651 tamen
371 1614 608 1662 discrepans,

102 1765 231 1810 sacr.
268 1765 330 1810 111
373 1735 795 1810 STIPAGROSTIS.
830 1790 889 1798 —
931 1766 1079 1810 Arista
1125 1767 1286 1810 caduca
1327 1768 1495 1811 mterne
1539 1768 1725 1823 simplex
1772 1772 1815 1812 et

411 1837 526 1879 saepe
555 1829 669 1869 torta
696 1827 796 1868 dein
816 1826 969 1870 triseta
990 1828 1084 1869 seta
1110 1826 1370 1870 intermedia
1391 1828 1459 1871 vel
1487 1828 1689 1872 omnibus
1721 1829 1816 1882 plu-

407 1886 553 1928 mosis.
579 1909 635 1915 —
658 1884 833 1941 Species
860 1897 1012 1929 omnes
1035 1897 1270 1941 perennes.

348 2039 603 2094 Specierum
631 2039 921 2083 Orientalium
943 2038 1283 2093 Seipayrosttdss
1307 2040 1570 2085 distributio.

151 2180 166 2192 ·
192 2179 325 2215 Arista
343 2177 531 2226 pollicem
550 2177 693 2214 saltem
711 2177 775 2214 vel
796 2177 968 2225 amplius
986 2177 1115 2224 longa,
1134 2180 1229 2214 setae
1239 2177 1425 2215 laterales
1443 2179 1512 2224 (A.
1530 2179 1764 2219 Forskahlei

702 2227 884 2272 excepta)
911 2235 992 2261 non
1012 2224 1221 2272 plumosae.

545 2308 586 2350 -4-
613 2307 817 2345 Glumella
835 2317 884 2344 ex
906 2307 1017 2354 apice
1036 2306 1176 2343 >bilobo
1199 2308 1373 2344 aristata.

156 2388 213 2427 A.
243 2387 395 2426 obtusa.

392 2490 434 2532 ἦ·
463 2490 505 2532 4
533 2486 735 2524 Glumella
755 2487 866 2534 apice
885 2489 925 2523 in
945 2489 1109 2525 aristam
1132 2489 1281 2525 sensim
1299 2491 1508 2527 attenuata.

528 2577 563 2609 ><
594 2569 796 2607 Glumella
823 2581 964 2608 versus
980 2571 1162 2607 medium
1176 2572 1399 2609 articulata.

150 2651 208 2690 A.
229 2651 379 2689 cz'liata.

489 2757 523 2790 ><
560 2757 594 2790 ><
626 2750 828 2787 Glumella
848 2752 957 2798 apice
977 2762 1065 2788 cum
1095 2753 1218 2789 arista
1238 2753 1457 2792 articulata.

674 2833 708 2869 1.
735 2833 884 2870 Gluma
897 2834 1076 2881 superior
1091 2833 1259 2881 longior.

151 2923 211 2963 A.
229 2923 431 2971 plumosa,
445 2923 713 2973 brachypoda‚
731 2924 974 2971 Forskalzlez’,
994 2924 1242 2973 hirciqluma,
1253 2927 1522 2975 poponoptz'la.
