2062 3314
240 213 316 261 584
994 226 1220 254 GRAMINEAE
1705 216 1952 265 Eram-osne.

238 299 419 344 rachide
452 311 540 342 non
577 298 790 351 flexuosa,
826 299 1034 351 glumella
1065 301 1402 355 ovato-oblonga
1433 299 1591 343 obtusa
1615 301 1818 343 elevatim
1852 313 1956 344 ner-

242 360 367 412 vosa,
389 357 650 413 car5opside
668 357 854 411 oblonga
869 360 996 402 acuta
1020 360 1196 411 Θ.Ροα
1219 359 1475 412 interrupta
1491 358 1610 402 Lam.
1636 359 1702 402 Ill.
1727 358 1762 412 1,
1789 360 1955 402 185.—

239 415 394 462 Kunth
421 416 569 460 Gram.
600 418 689 460 tab.
723 418 825 465 188.
851 441 909 448 —
932 417 1008 461 Er.
1029 418 1225 468 diandra
1258 417 1400 465 Roxb.
1429 441 1485 449 —
1512 418 1592 462 Er.
1628 417 1956 471 Namaquensis

241 473 360 519 Nees
392 476 498 530 Agr.
523 475 628 531 Cap.
660 489 700 531 p.
725 476 826 519 408.
862 500 918 507 —
953 474 1034 521 Er.
1062 472 1395 531 diplachnoides
1421 473 1572 520 Steud.
1600 476 1748 523 Gram.
1774 478 1872 520 268.
1896 502 1955 511 —

240 533 322 579 Er.
346 534 637 578 Mossuleusis
669 535 821 578 Steud.
849 533 922 577 Gr.
946 537 1046 592 264,
1071 561 1125 567 —
1161 534 1405 589 Diplaclme
1437 535 1712 589 pooeformis‚
1751 536 1803 579 D.
1837 535 1955 579 clon-

237 596 345 696 {aga
365 598 408 638 et
439 592 679 637 Catabrosa
702 590 956 636 micrantka
979 594 1159 639 Hochst.
1187 596 1232 639 in
1251 594 1334 650 Ky.
1367 598 1410 638 et
1437 594 1627 650 Schimp.
1649 607 1740 637 exs.
1770 593 1805 637 N
1811 594 1883 639 ub.
1910 599 1955 639 et

315 665 405 707 yss.

283 734 387 773 Hah.
403 737 446 772 in
459 736 636 772 arenosis
650 735 796 782 Egypti
811 735 1031 782 superioris
1047 735 1098 772 ad
1112 735 1283 782 Syenem
1298 735 1426 778 (Ehrb
1439 736 1448 770 1
1461 734 1610 781 Boissl)
1630 734 1792 772 Thebas
1811 734 1954 777 (Krali

238 781 362 829 Leti),
383 783 555 819 Kenneh
577 783 713 829 (Fig.)‚
733 783 899 829 Assyria
919 783 967 818 ad
992 782 1143 819 Mossul
1165 784 1258 829 (Ky.
1280 782 1377 819 434⁶
1391 784 1432 828 l),
1463 776 1690 828 Babylonia
1713 780 1763 817 ad
1790 781 1956 828 Bagdad

239 829 347 875 (Noe
368 831 454 867 1621
478 833 516 866 et
533 830 681 875 12231)‚
700 831 873 866 Susiana
894 830 947 866 ad
965 830 1254 876 fluv..Chyrsan
1272 829 1457 875 (Haussk
1469 829 1754 876 l),Belutschia
1764 829 1954 875 (Aitchl).

286 902 503 950 Bipedalis,
525 902 713 949 panicula
734 902 991 949 semipedalis
1011 902 1077 939 vel
1104 902 1258 950 pedalis
1279 902 1417 939 stricta
1442 902 1566 938 ramis
1587 901 1845 937 inferioribus
1869 902 1957 945 1-2-

254 949 588 1034 eolgipleijiggpessirel
603 950 854 986 brevissimis
869 962 878 996 ;
895 949 1052 986 flosculi
1066 951 1125 986 eis
1141 950 1186 986 Ε.
1201 949 1342 998 pilosae
1358 951 1397 986 et
1417 948 1675 997 AEyyptz'acae
1693 949 1896 985 breviores
1916 952 1957 987 et

238 1116 271 1155 P
286 1072 351 1155 Δᾶ.
363 1071 510 1154 ξουρτ.
542 1071 724 1118 Japonia,
757 1070 888 1118 India,
918 1069 1067 1115 Nubia,
1099 1070 1336 1117 Abyssinia,
1374 1069 1594 1117 Senegalia„
1633 1069 1956 1122 *Madagascariffl

274 1146 282 1155 .
335 1146 343 1155 .
394 1128 469 1165 pei.

298 1235 372 1280 11.
394 1238 450 1281 E.
477 1237 883 1293 caelachyrum
911 1237 1089 1290 (Benth.
1113 1237 1154 1279 in
1173 1239 1312 1281 Hook.
1339 1236 1396 1279 lc.
1415 1236 1530 1288 XIV,
1554 1250 1596 1291 p.
1615 1237 1683 1280 50.
1707 1236 1792 1279 tab.
1821 1236 1956 1291 1368)

238 1309 384 1340 annua
419 1298 581 1352 glabra,
617 1298 774 1346 culmis
804 1297 1005 1350 pluribus
1041 1297 1279 1341 humilibus
1320 1295 1577 1339 lateralibus
1613 1296 1847 1349 prostratis
1882 1297 1951 1338 vel

239 1357 599 1403 ascendentibus.
619 1357 731 1399 foliis
752 1357 965 1399 brevibus
985 1356 1126 1408 planis
1153 1355 1398 1399 latiusculis
1418 1355 1572 1408 acutis,
1597 1355 1728 1408 spicis
1750 1354 1802 1397 ad
1822 1355 1955 1400 culmi

239 1415 406 1471 apicem
452 1417 530 1458 3-4
564 1416 772 1461 consertis
807 1415 1140 1467 subsessilibus.
1165 1415 1348 1471 spiculis
1381 1426 1510 1471 secus
1549 1414 1713 1467 spicam
1755 1413 1955 1457 distichis

236 1474 559 1518 subsessilibus
575 1474 1268 1528 3-4-floriscompressis,g1umis
1290 1474 1430 1522 ovatis
1451 1471 1623 1516 obtusis
1650 1472 1953 1527 prominenter

244 1534 490 1581 trinerviis‚
523 1534 782 1589 caryopside
810 1529 1140 1585 ¹suborbiculata
1168 1548 1190 1575 a
1217 1533 1624 1586 dorsocompressa
1646 1531 1772 1574 valde
1794 1534 1955 1584 rugosa

236 1593 378 1638 antice
411 1596 600 1637 concava
630 1598 699 1645 O.
735 1592 943 1635 Eleusine
982 1588 1217 1646 brevffolia
1247 1592 1411 1635 Hochst
1453 1591 1496 1634 et
1534 1591 1598 1635 St.
1632 1591 1678 1633 in
1708 1589 1863 1634 Sched.
1899 1614 1949 1622 —

243 1650 552 1706 Coelachyrum
571 1649 857 1703 brevifolium
880 1651 995 1695 Nees
1020 1651 1146 1697 Linn.
1169 1647 1282 1699 XVI,
1307 1663 1351 1708 p.
1380 1651 1477 1693 221.

290 1735 394 1772 Hah.
414 1736 455 1772 in
474 1737 605 1772 littore
627 1736 983 1782 [Egyptiacointer
1001 1736 1173 1780 Koaseir
1190 1738 1229 1772 et
1245 1736 1327 1772 Ras
1341 1736 1495 1775 Benass
1513 1733 1788 1780 (Schweinf!),

285 1810 423 1847 Facies
442 1813 604 1847 omnino
629 1810 844 1848 Eleusinem.
870 1810 935 1847 CL·
960 1810 1158 1846 Bentham
1182 1810 1287 1846 hano
1319 1809 1500 1856 plantam
1530 1810 1632 1845 inter
1665 1807 1950 1854 Erayrostzdes

240 1855 456 1894 inserendo
479 1861 641 1894 secutus
661 1869 762 1895 sum.

285 1932 351 1968 Ar.
374 1931 507 1978 Geoqr.
537 1931 683 1977 Nubia‚
706 1931 854 1967 Arabia
879 1931 1107 1977 subtropica
1126 1938 1248 1977 prope
1268 1929 1427 1977 Djedda
1443 1929 1647 1975 (Schimpl
1668 1927 1878 1973 Zohrabt).

382 2087 394 2100 ‘
421 2089 433 2100 ·
461 2087 652 2124 (numella
672 2085 962 2132 5-p1urinervia
981 2085 1164 2131 (Except.
1184 2084 1408 2132 Scleropoae
1428 2084 1581 2131 species
1602 2082 1807 2119 nonnullae

777 2132 969 2179 glumella
984 2132 1211 2170 3-1·nervia
1225 2132 1410 2176 donatae).

827 2287 1017 2335 naum
1052 2286 1116 2347 (ι.
1144 2287 1245 2335 cen.
1275 2286 1371 2347 82).

297 2441 484 2497 Spicula}
510 2456 532 2484 a
561 2443 695 2485 latere
722 2453 986 2495 compressae
1020 2440 1238 2487 2-5-ssorae
1280 2439 1472 2482 Flosculi
1504 2439 1736 2496 inferiores
1763 2439 1836 2481 1-2
1862 2439 1947 2481 fer-

237 2501 337 2544 tiles
359 2501 723 2556 hermaphmditi,
742 2500 996 2555 superiores
1027 2500 1138 2542 l-vel
1160 2500 1184 2540 ⁶2
1208 2499 1383 2542 steriles
1408 2498 1680 2542 tabescentes
1700 2498 1742 2540 in
1766 2509 1948 2552 corpus-

236 2560 384 2603 culum
413 2561 683 2603 turbinatum
714 2561 780 2601 vel
815 2558 1309 2612 oblongo-cylindricum
1352 2557 1582 2601 imbricati.
1616 2556 1784 2600 Glumae
1814 2569 1947 2600 mem-

234 2615 462 2662 brnnaceae
496 2630 694 2662 concavae
729 2618 923 2661 flosculis
955 2619 1146 2672 aequales
1183 2620 1251 2660 vel
1287 2617 1619 2660 subbreviores.
1648 2615 1867 2658 Glumella
1902 2621 1949 2662 et

235 2679 361 2733 palea
397 2679 568 2721 muticae
591 2679 664 2721 illa
691 2677 1053 2731 subcartilaginea
1083 2688 1270 2719 concava
1296 2676 1428 2718 dorso
1454 2675 1789 2729 5-plu1·inervia.
1824 2675 1947 2728 palea

236 2739 380 2780 minor
405 2738 643 2780 bicarinata
678 2738 800 2792 apice
828 2737 1061 2779 bidentata.
1085 2734 1336 2789 Squamulae
1373 2734 1487 2776 binae
1522 2745 1727 2777 carnosae.
1751 2733 1945 2777 Stamina

235 2797 334 2838 tria.
363 2796 474 2850 Styli
498 2797 587 2838 bini
612 2796 866 2839 terminales
890 2794 1166 2848 stigmatibus
1192 2805 1362 2836 ramose
1386 2794 1600 2847 plumosis
1618 2793 1668 2835 ad
1694 2793 1814 2835 basin
1843 2793 1947 2836 flos-

235 2856 322 2898 culi
340 2856 682 2909 emergentibus.
703 2853 939 2908 Caryopsis
958 2854 1139 2907 oblonga
1160 2853 1438 2896 subconvexa
1459 2854 1630 2895 macula
1648 2851 1772 2894 hilari
1792 2852 1945 2896 lineari

235 2913 541 2967 longitudinali
567 2919 726 2956 notata.
753 2936 809 2944 —
830 2913 988 2956 Herbae
1015 2924 1246 2967 perennes.
1271 2936 1329 2941 —
1352 2910 1502 2953 Genus
1526 2911 1810 2954 flosculorum
1839 2923 1945 2954 neu-

236 2984 408 3016 trorum
435 2974 776 3017 conformatione
805 2971 1010 3015 notabile.

2050 176 2055 188 0

2059 227 2062 240 Ι

2060 241 2062 248 i
