2089 3246
408 911 670 977 mss,
727 912 848 979 lll.
904 913 1485 979 ΕΥΜΝΟὸΡΕΒΜΙΕ

525 1119 687 1169 ORD.
725 1118 932 1168 Can.
969 1118 1368 1168 CONlFERAE.

735 1258 875 1313 (Juss.
905 1256 1012 1301 Gen.
1040 1257 1159 1313 411).

156 1388 307 1430 Flores
348 1388 629 1430 unisexuales
653 1387 890 1431 amentacei
933 1388 1155 1441 perigonio
1193 1388 1402 1434 destituti.
1433 1388 1566 1432 Mase.
1597 1390 1808 1433 Anthene

97 1448 372 1490 bractearum
402 1448 493 1489 basi
519 1448 691 1489 adnatae
716 1447 881 1501 saepius
908 1447 1086 1490 sessiles
1111 1448 1176 1489 vel
1217 1459 1345 1491 secus
1381 1449 1540 1490 amenti
1567 1450 1805 1491 ebracteati

95 1507 194 1549 axin
222 1506 458 1560 dispositae.
489 1506 602 1548 Fem.
624 1506 761 1550 Ovnla
789 1506 887 1548 bina
917 1518 1015 1548 raro
1056 1507 1178 1560 plura
1205 1508 1320 1560 nuda
1351 1508 1512 1550 vertice
1541 1513 1723 1562 perlusa
1752 1509 1804 1551 ad

96 1565 216 1608 basin
245 1566 460 1608 internam
487 1578 770 1619 squamarum
800 1566 959 1608 amenti
985 1566 1254 1617 (ovariorum
1293 1567 1694 1620 squamisorminm)
1722 1568 1805 1610 sila

98 1626 162 1668 vel
189 1626 230 1667 in
260 1625 486 1668 involucro
515 1636 697 1667 carnoso
721 1625 844 1678 apice
871 1626 1021 1679 pervio
1038 1625 1228 1667 solitaria
1258 1626 1321 1667 vel
1355 1626 1465 1668 bina.
1492 1625 1664 1668 Semina
1688 1627 1803 1667 nnda

95 1683 366 1726 albuminosa
396 1688 539 1726 erecta
566 1685 630 1726 vel
661 1684 853 1735 inversa,
873 1684 1113 1736 embryone
1142 1684 1242 1726 axili
1277 1688 1392 1726 recto
1420 1685 1653 1738 antitropo.
1684 1689 1803 1738 coty-

97 1743 326 1786 ledonibus
356 1744 519 1798 saepins
545 1743 747 1797 pluribus
775 1743 1061 1786 verticillatis.
1091 1767 1147 1772 —
1170 1743 1366 1785 Arbores
1391 1744 1455 1785 vel
1478 1744 1668 1786 frutices

555 1903 643 1952 ΤΗ.
681 1905 715 1951 Ι.
749 1903 1118 1951 ABIETINEAE
1156 1904 1298 1951 Rich.

155 2033 300 2076 Flores
327 2035 520 2077 monoici.
548 2035 731 2078 Amenta
761 2036 950 2077 mascula
979 2035 1222 2077 terminalia
1249 2037 1312 2078 vel
1354 2036 1573 2078 axillaria.
1610 2036 1804 2079 Bructeae

95 2093 296 2148 plurimae
323 2095 389 2135 axi
416 2095 638 2147 spiraliter
660 2095 850 2137 insertae.
878 2094 1070 2136 Stamina
1095 2094 1178 2136 sub
1202 2097 1466 2148 unaquaque
1493 2096 1663 2137 braotezi
1686 2096 1802 2142 bina.

98 2152 315 2196 filamenta
365 2152 637 2201 brevissima,
686 2154 880 2196 antllerae
918 2153 980 2207 (in
1026 2154 1210 2206 nostris)
1249 2154 1511 2196 bilocnlares
1552 2156 1806 2198 comici-tivo

94 2211 214 2265 apice
242 2212 283 2253 in
305 2212 482 2253 aristam
507 2213 572 2254 v‘el
592 2212 768 2265 gibbum
795 2212 994 2254 abeunte.
1019 2213 1204 2254 Amenta
1230 2213 1412 2254 feminea
1439 2214 1636 2266 squamis
1666 2215 1804 2267 spira-

95 2270 194 2312 liter
219 2271 456 2314 imbricatis
484 2272 655 2314 bractea
684 2272 844 2325 smpius
872 2271 1030 2314 adnata
1068 2272 1241 2324 stipatis
1270 2273 1526 2323 constantia,
1551 2274 1678 2314 ovnla
1722 2273 1808 2315 snb

90 2329 253 2382 quavis
298 2331 481 2383 squama
522 2331 692 2383 gemina
728 2331 992 2373 collateralia
1032 2331 1073 2371 in
1111 2330 1200 2371 basi
1237 2343 1430 2384 squamae
1465 2335 1593 2373 extus
1634 2333 1806 2374 minata.

94 2386 311 2430 Strobilos
343 2390 538 2442 squamls
575 2389 776 2443 plurimis
801 2390 868 2430 axi
912 2390 1149 2442 spiralileri
1178 2390 1337 2432 nsertis
1365 2391 1706 2443 persistentibus
1738 2392 1804 2434 vel

95 2446 269 2490 demum
311 2447 363 2489 ab
398 2448 466 2490 axi
502 2449 659 2491 solutis
701 2452 918 2490 constans.
962 2448 1137 2490 Semina
1179 2448 1274 2490 bina
1313 2450 1575 2491 collateralia
1616 2450 1805 2503 pendula

93 2505 203 2548 alata
248 2506 313 2548 vel
352 2511 516 2560 aptera.
554 2532 607 2537 -—
647 2507 842 2550 Arbores
878 2508 991 2550 foliis
1025 2508 1263 2549 linearibus
1293 2510 1358 2549 vel
1396 2509 1536 2561 planis
1583 2509 1646 2549 vel
1691 2521 1804 2550 com-

95 2565 522 2620 presso-triquetris,
559 2567 885 2609 semiteretibus
916 2567 982 2609 vel
1009 2567 1354 2620 subtetragonis.,

95 2723 245 2772 mus
275 2724 441 2785 (Toum.
472 2725 584 2772 Link.
632 2755 690 2760 —
729 2725 997 2788 Subgenus
1036 2725 1197 2772 Pinus
1238 2726 1383 2773 Endl.
1414 2726 1575 2773 Conif.
1612 2742 1659 2788 p.
1696 2726 1804 2773 137.

383 2819 440 2823 —
469 2790 725 2837 Parlatore
754 2791 803 2837 in
835 2791 889 2838 D.
920 2791 970 2838 C.
1001 2791 1175 2838 Prodr.
1205 2792 1280 2845 16,
1307 2806 1352 2853 p.
1384 2791 1514 2849 378).

153 2921 337 2964 Amenta
376 2922 566 2964 mascula
607 2923 789 2976 oblonga
835 2924 899 2964 vel
942 2923 1179 2976 cylindrica
1216 2923 1304 2964 basi
1344 2923 1590 2976 squammis
1632 2922 1804 2965 involu-

93 2985 209 3023 crata
235 2982 275 3023 in
301 2981 449 3022 infima
477 2982 744 3023 ramulorum
785 2982 1055 3023 novellorum
1094 2987 1217 3035 parte
1254 2986 1471 3035 congesta.
1503 2982 1803 3024 Anni-:carum

92 3038 222 3082 loculi
253 3040 625 3093 longitndinaliler
649 3041 938 3082 dehiscentes.
968 3041 1150 3084 Amenta
1181 3042 1362 3084 feminea
1399 3042 1439 3082 in
1473 3040 1802 3094 arborisjparto
