2062 3314
278 242 349 277 614
1010 248 1233 274 GRAMmEAE
1765 238 1949 286 Glycerza
1959 265 1971 276 .

326 321 427 357 Hab.
446 321 483 355 in
498 320 611 366 aquis
629 320 734 354 lente
756 319 970 354 fluentibus
984 317 1170 366 Glyceric‘z*
1188 317 1339 366 plicatd
1359 320 1494 362 rarior,
1506 319 1740 355 Macedonia
1757 322 1794 355 et
1807 320 1975 358 Thracia

278 369 483 413 (Grisel).)‚
509 367 692 412 Byzantii
710 366 856 410 (Sibth.
878 366 1014 411 Casti),
1032 367 1230 402 Caucasus
1250 371 1288 402 et
1309 367 1615 402 Transcaueasia
1641 367 1833 411 (Ledeb.).

327 440 386 475 Ar.
421 439 553 484 Geoqr.
575 438 731 483 Europa
755 438 971 483 praesertim
997 437 1167 473 borealis
1186 440 1224 472 et
1245 437 1386 481 media,
1404 437 1548 472 Sibiria
1576 437 1786 473 Uraleusis.

339 548 377 588 4.
409 546 468 588 G.
493 545 714 599 plicata
736 544 878 595 (Fries
912 544 1020 587 Νον.
1055 545 1182 588 Mani.
1219 545 1295 596 111,
1323 559 1361 598 p.
1393 547 1492 600 176)
1521 546 1755 588 rbizomate
1779 553 1972 601 repente,

279 606 434 647 culmis
474 605 640 645 inferno
676 605 904 656 prostratis
940 610 982 646 et
1020 605 1315 647 radicantibus
1351 605 1448 646 dein
1476 606 1631 648 erectis
1661 605 1837 647 foliosis.
1862 608 1971 650 foliis

278 665 359 706 late
386 663 621 705 linearibus
640 663 776 715 planis
798 663 1077 706 inferioribus
1095 676 1210 716 saepe
1232 664 1495 713 natantibus,
1516 666 1783 707 culmeoruni
1806 666 1969 717 vaginis

277 722 541 777 compressis
567 721 845 764 inferioribus
868 722 907 763 in
939 722 1071 764 fibras
1095 722 1269 764 demum
1309 723 1480 774 solutis,
1522 723 1651 776 ligula
1676 722 1813 774 brevi,
1853 725 1972 777 pani-

277 783 383 824 culae
405 781 612 832 elongatae
650 780 919 822 verticillatae
958 781 1078 835 apice
1112 781 1306 823 nutantis
1335 782 1467 823 ramis
1494 783 1575 824 sub
1612 781 1785 824 antbesi
1812 783 1968 826 erectis

279 842 453 883 tandem
486 839 641 891 patulis
674 840 953 882 inferioribus
987 840 1232 895 subquinis‚
1269 840 1448 893 spiculis
1481 846 1661 894 anguste
1694 841 1970 884 lineari-sub-

275 899 525 951 cylindricis
558 898 822 942 7-ll-ssoris
854 899 1012 951 glumis
1053 899 1398 952 ovato-oblongis
1432 900 1727 942 obtusissimis
1765 900 1968 943 inferiore

277 958 407 1010 dupio
457 958 636 1010 minore,
675 958 879 1009 giumella
921 958 1255 1011 ovato-oblonga
1297 959 1415 1010 apice
1461 960 1542 1000 late
1586 959 1775 1002 scariosa
1814 959 1968 1002 obtusa

278 1018 644 1058 sinuato-cremata
679 1016 876 1059 elevatim
910 1019 1219 1070 sepiemnervi,
1246 1018 1502 1071 caryopside
1532 1017 1860 1071 ovato-oblonga
1906 1020 1966 1065 Qt.

278 1074 408 1116 Rclib.
452 1076 595 1117 Germ.
634 1075 699 1127 fig.
737 1074 833 1117 381.
872 1101 920 1105 —
957 1076 1008 1117 H.
1040 1075 1232 1128 fluitans
1265 1076 1308 1130 β.
1340 1076 1502 1129 plicata
1530 1076 1686 1119 Griseb
1728 1077 1771 1118 in
1804 1076 1962 1119 Ledeb.

278 1133 336 1175 Fl.
367 1133 490 1175 Ross.

324 1216 423 1250 Hab.
446 1217 483 1250 in
507 1217 620 1262 aquis
638 1216 685 1252 G.
706 1217 889 1261 fluitante
907 1217 946 1252 in
968 1218 1117 1253 ditione
1131 1217 1329 1263 vulgatior
1347 1217 1532 1253 aGraecia
1550 1217 1733 1262 (Heldrl)
1752 1217 1966 1264 adSyriam

273 1262 362 1306 (ΒΗ
385 1264 539 1308 (milli),
562 1265 910 1299 Transcaucasiam
932 1265 1041 1308 (Hoh
1057 1267 1093 1311 !)‚
1113 1265 1286 1300 Pei-siam
1310 1265 1508 1300 borealem
1535 1265 1673 1311 (Bge!)
1695 1267 1733 1300 et
1752 1265 1965 1301 australem

275 1311 313 1344 in
335 1310 534 1345 montibus
550 1311 773 1346 Bachtiaris
789 1312 970 1355 (Haussk
983 1314 1019 1357 i),
1035 1312 1248 1358 Affghania
1267 1313 1432 1357 (Gi-iffi).

320 1385 380 1419 Ar.
414 1386 544 1429 Geoqr.
567 1385 724 1430 Europa
746 1386 876 1421 media
893 1388 930 1422 et
950 1387 1134 1422 australis
1158 1397 1180 1422 a
1197 1386 1344 1422 Gothia
1366 1387 1412 1423 ad
1432 1387 1613 1423 Rossiam
1637 1387 1817 1432 mediam,
1835 1387 1964 1422 Africa

274 1431 455 1475 borealis,
478 1433 657 1467 America
679 1433 851 1468 borealis
873 1435 910 1468 et
929 1434 1113 1469 australis

322 1503 407 1539 Obsi
449 1504 504 1538 CI.
553 1504 724 1539 Balansa
759 1505 984 1540 observavit
1029 1506 1129 1542 circa
1168 1506 1306 1552 Djimil
1346 1507 1459 1542 Ponti
1490 1506 1617 1542 Lazici
1646 1506 1749 1541 inter
1781 1507 1961 1552 parentes

273 1550 437 1585 formam
462 1551 559 1585 inter
581 1550 626 1586 G.
649 1550 898 1597 spectabilem
917 1556 954 1587 et
981 1552 1027 1588 G.
1045 1553 1237 1600 plicatam
1265 1554 1476 1599 hybridam
1503 1553 1594 1589 huic
1615 1553 1897 1589 inflorescentia
1924 1556 1962 1588 et

271 1598 433 1642 spiculis
454 1598 645 1643 elongatis
664 1601 787 1643 inagis
807 1599 962 1635 affinem
983 1600 1051 1635 sed
1078 1601 1250 1637 flosculis
1278 1601 1496 1637 minoribus
1525 1604 1561 1635 et.
1586 1601 1825 1636 abbreviatis
1853 1602 1960 1636 nota-

271 1643 404 1689 bilem,
423 1645 598 1680 antheris
622 1645 767 1691 polline
789 1646 993 1682 destitutis.

270 1811 482 1860 nitoris
509 1812 649 1874 (liupr.
679 1813 735 1860 Fi.
765 1812 916 1874 Samoj.
938 1812 1006 1860 64.
1039 1840 1094 1847 -—
1122 1812 1349 1874 Glycerio
1378 1813 1506 1860 Sect.
1530 1812 1794 1860 Heleocloct
1821 1814 1959 1860 Fries

399 1877 590 1925 Summ.
630 1878 665 1935 Ι,
693 1878 768 1925 77.
790 1906 852 1912 -
883 1878 1193 1925 Puccinellia
1219 1878 1400 1925 Parlat.
1428 1879 1499 1925 Fl.
1526 1878 1599 1932 It„
1627 1878 1662 1937 I,
1690 1878 1823 1938 366).

325 2030 508 2084 Spieuiae
547 2031 752 2085 pluri-vel
798 2031 1016 2075 2-3-ss0rae
1046 2045 1070 2074 a
1106 2032 1239 2074 latere
1285 2043 1546 2085 compressae
1580 2031 1755 2074 rachide
1802 2031 1955 2085 fragili.

264 2088 430 2132 Gluma‘.
461 2091 627 2134 obtusae
662 2102 858 2133 concavae
894 2091 1063 2134 mutieae
1087 2089 1323 2144 inaequales
1360 2090 1543 2133 floribus
1587 2090 1823 2134 breviores.
1850 2090 1957 2134 Glu-

263 2149 390 2191 mella
427 2152 468 2192 et
511 2150 631 2203 palea
676 2150 803 2191 simul
843 2149 1036 2193 deciduae
1075 2150 1243 2192 muticae
1275 2150 1543 2203 longitudine
1575 2149 1851 2204 subaequales
1883 2150 1956 2193 illa

262 2219 446 2250 concava
477 2221 557 2249 non
584 2208 773 2251 carinata
798 2209 949 2252 obtusa
975 2209 1040 2251 vel
1071 2212 1266 2251 truncata
1290 2209 1653 2263 quinquenervia,
1678 2209 1797 2262 palea
1823 2221 1956 2251 mem-

263 2266 470 2308 bnanacea
501 2267 735 2309 bicarinata
768 2268 818 2308 ad
856 2268 1021 2311 carinas
1050 2268 1245 2310 ciliolata.
1269 2267 1517 2322 Squamulae
1542 2268 1651 2309 binae
1677 2269 1824 2311 liberae
1851 2268 1955 2311 obli-

262 2338 345 2377 que
374 2326 571 2378 oblongae
595 2326 740 2368 lobulo
768 2334 916 2369 auctae.
939 2326 1129 2369 Stamina
1164 2327 1259 2370 tria.
1282 2327 1486 2370 Ovarium
1510 2327 1722 2380 glabrum.
1747 2326 1954 2380 Stigmata

263 2383 360 2425 bina
388 2384 642 2427 subsessilia
666 2385 905 2428 terminalia
925 2385 1179 2439 simpliciter
1204 2387 1398 2439 plumosa
1427 2386 1811 2439 lateralitersupra
1832 2386 1952 2429 floris

261 2442 382 2484 basin
407 2445 680 2496 emergentis.
705 2443 936 2498 Caryopsis
961 2445 1139 2498 oblonga
1172 2449 1322 2487 ventre
1358 2445 1572 2499 impressa
1598 2440 1877 2489 sed'exsulca
1899 2445 1952 2487 ad

260 2501 380 2543 basin
414 2503 577 2544 macula
602 2503 725 2544 hilari
766 2504 1042 2556 punctiformi
1070 2504 1205 2546 obsita
1238 2505 1458 2557 glumellis
1491 2505 1660 2547 obtecta
1695 2503 1772 2546 sed
1800 2505 1948 2547 libera.

261 2583 313 2590 —
338 2561 494 2602 Herbae
513 2562 690 2615 spiculis
717 2562 757 2603 in
788 2563 1030 2615 paniculam
1059 2563 1282 2616 dispositis
1302 2563 1404 2605 facie
1426 2562 1540 2605 Pooe.

324 2697 354 2736 l.
396 2695 456 2736 A.
505 2696 810 2738 maritima
850 2696 1007 2751 (Huds.
1047 2696 1172 2749 Angl.
1202 2698 1258 2738 42
1305 2697 1388 2739 sub
1427 2696 1533 2751 Paci)
1585 2698 1749 2752 glauca,
1797 2697 1947 2740 'radice

257 2752 418 2796 fibrosa
454 2755 679 2797 fasciculos
723 2756 896 2798 steriles
941 2757 1260 2799 stoloniformes
1307 2757 1527 2799 interdum
1575 2756 1742 2807 edente,
1793 2756 1948 2800 culmis

256 2812 592 2854 ascendentibus
614 2813 677 2854 vel
696 2815 850 2858 erectis
873 2826 986 2868 saepe
1005 2815 1278 2867 geniculatis.
1304 2816 1416 2857 soliis
1437 2815 1673 2858 linearibus
1694 2816 1859 2869 plicatis
1878 2815 1944 2857 vel

257 2872 500 2913 convolutis
525 2873 843 2925 crassiusculis,
865 2874 993 2926 ligula
1018 2873 1138 2916 brevi
1163 2874 1331 2926 obtusa,
1350 2874 1559 2927 paniculae
1577 2878 1731 2917 erectae
1753 2877 1947 2928 angustae

257 2930 388 2971 ramis
414 2930 620 2973 brevibus
646 2932 879 2973 fructiferis
899 2932 1129 2974 contractis
1150 2933 1431 2975 inferioribus
1459 2933 1743 2986 subgemin1s,
1767 2932 1945 2988 spiculis

256 2989 517 3041 compressis
544 2989 738 3043 oblongis
763 2991 996 3042 4-6·ssoris‚
1029 2992 1186 3044 glumis
1211 2992 1349 3035 ovatis
1375 2991 1497 3034 valde
1525 2991 1825 3047 inaequalibus,
1848 2992 1947 3044 glu-
