2089 3246
76 214 268 263 Cyperus.
815 219 1064 247 CYPERACEAE
1719 214 1791 252 369

75 298 285 342 breviore
307 294 494 338 obovata
521 295 677 337 obtuse
698 295 869 348 trigona
903 296 963 341 91.
989 294 1199 338 Sclzaenus
1230 299 1516 339 mum-(matus
1542 297 1585 340 L.
1616 299 1688 353 Sp.
1715 300 1787 342 63.

79 381 140 391 ——-
160 356 222 399 Fl.
252 354 394 397 Graec.
422 353 508 397 tab.
532 355 603 396 44.
631 377 686 385 —
710 352 844 395 Rchb.
869 353 1015 396 Germ.
1045 355 1115 407 lig.
1139 355 1239 397 680.
1270 379 1324 384 —
1360 354 1579 399 Mar-iscus
1619 370 1791 400 mucro-

81 418 218 460 natus
250 413 390 456 Presl.
416 436 472 442 —
496 412 684 466 cyperus
715 411 1010 465 AEyyptiacus
1034 412 1157 455 Glox.
1185 414 1286 457 Obs.
1313 416 1383 465 20,
1409 415 1493 456 tab.
1523 416 1562 458 3.
1589 440 1640 446 —
1672 416 1790 460 Gali-

83 473 432 518 leamucronata
455 471 612 515 Parlat.
640 470 700 513 Fl.
729 471 821 513 Ital.
852 495 903 501 -—
926 471 1110 525 Scirpus
1137 472 1256 515 Kalli
1281 473 1432 516 Forsk.
1459 474 1607 518 Descr.
1637 477 1701 518 15.

133 548 238 586 Hab.
257 547 295 583 in
319 545 496 583 arenosis
517 546 726 581 maritimis
751 545 912 581 Graeciae
939 548 978 581 et
1001 545 1220 591 Cycladum
1243 545 1382 594 (Orph.
1412 547 1468 583 Fl.
1498 547 1567 584 Gr.
1597 559 1675 585 exs.
1712 550 1792 595 wi),

84 599 190 643 etc).
211 594 395 631 Thraciae
416 593 579 638 (Griseb
595 595 638 637 l),
660 591 858 628 Anatoliae
875 593 993 639 (KQ),
1015 592 1162 629 Ciliciae
1184 593 1326 640 (Ball),
1355 595 1481 640 Syriae
1505 595 1631 640 (Gaill
1645 599 1686 641 l),
1722 598 1795 634 pa-

82 645 243 682 lestinae
268 641 455 687 (Boissl),
473 640 620 687 Egypti
637 639 836 675 inferioris
855 640 1010 685 (Forsk.
1032 640 1132 677 Ehrl
1147 641 1284 677 Schwl
1307 643 1408 684 ele).

131 707 302 755 Spiculae
319 714 424 752 saepe
449 705 658 741 obscurius
679 707 811 741 tamen
836 705 1036 742 interdum
1057 707 1117 750 [in
1144 707 1427 753 speciminibus
1449 708 1613 754 spiculis
1634 712 1793 756 paucio-

83 756 199 794 ribus
221 756 262 790 et
279 754 412 790 minus
431 753 628 799 congestis
650 752 828 798 donatis)
848 753 1058 789 manifeste
1075 753 1256 789 distichae
1283 754 1557 792 observantur.

105 818 347 874 ,uocat
367 815 491 862 Regio
512 814 802 851 Mediterranea
828 815 999 862 Europae
1031 818 1070 852 et
1101 816 1243 852 Africae
1275 817 1459 863 borealis,
1493 818 1633 854 insulae
1671 819 1796 856 Cana-

81 875 249 904 nenses.

152 985 220 1028 14.
246 983 301 1028 C.
319 981 809 1037 conglomeratus
826 980 992 1037 (Rottb.
1011 982 1162 1026 Descr.
1179 995 1219 1037 p.
1234 982 1309 1039 21)
1333 984 1578 1037 cespitosus
1602 986 1798 1039 glauces-

83 1057 203 1098 cens,
222 1043 459 1086 rhizomate
476 1040 727 1083 abbreviato
749 1041 1009 1085 stolonil'ero
1027 1043 1160 1085 fibras
1185 1054 1301 1096 saepe
1324 1047 1591 1087 tomentosas
1619 1045 1794 1096 edente,

86 1103 245 1148 culmis
284 1101 448 1154 saepius
483 1100 607 1144 elatis
641 1099 939 1144 teretiusculis
980 1101 1104 1144 duris
1144 1101 1296 1155 rigidis
1333 1101 1425 1145 basi
1467 1103 1650 1156 foliosis,
1685 1105 1798 1147 soliis

89 1162 243 1218 rigidis
272 1159 570 1204 teretinsculis
592 1159 764 1202 inferne
786 1160 1082 1204 canaliculatis
1109 1162 1279 1204 culmos
1301 1162 1578 1216 aequantibus
1606 1166 1681 1205 aut
1704 1163 1800 1206 bre-

90 1220 304 1273 vioribus,
329 1218 511 1273 spiculis
549 1219 593 1261 in
630 1218 870 1273 capitulum
907 1220 1082 1263 unicum
1115 1220 1345 1273 globosum
1378 1220 1445 1263 vel
1478 1222 1523 1263 in
1563 1222 1797 1265 umbellam

89 1280 288 1325 breviter
329 1277 638 1321 3-4-radiatam
676 1277 730 1320 ad
765 1277 989 1322 radiorum
1015 1279 1181 1334 apicem
1229 1281 1445 1333 congestis
1490 1280 1685 1333 oblongis
1730 1282 1800 1324 vel

89 1336 540 1392 oblongo-linearibus
565 1338 1026 1391 compresso-turgidis
1054 1338 1317 1388 munitioris,
1334 1339 1549 1382 involucri
1572 1340 1733 1395 phyllis
1759 1343 1803 1383 1-

88 1402 117 1443 3
146 1397 300 1452 rigidis
335 1395 627 1450 inaequalibus
663 1395 857 1449 longiore
890 1397 1084 1440 culmum
1124 1398 1405 1441 continuante
1442 1399 1633 1452 apiculas
1674 1412 1803 1454 supe-

88 1462 234 1510 rante,
265 1456 426 1510 glumis
459 1458 577 1498 arcte
617 1454 857 1498 imbricatis
888 1457 1139 1500 Stramineis
1173 1457 1313 1500 ovatis
1353 1458 1423 1500 vel
1459 1458 1804 1512 ovato-oblongis

87 1516 385 1562 subcarinatis
406 1513 721 1558 obtusiusculis
747 1514 814 1558 vel
842 1516 1157 1559 mucronulatis
1183 1516 1479 1559 multinerviis
1515 1517 1691 1562 rachide
1718 1530 1804 1561 non

89 1578 228 1626 alata,
255 1573 530 1628 stigmatibus
569 1573 721 1625 ternis,
757 1575 1018 1618 staminibus
1052 1575 1204 1627 terniS,
1236 1575 1396 1619 nucula
1428 1577 1644 1630 triquetra
1682 1578 1810 1622 fusca

92 1636 199 1680 facie
223 1634 353 1688 plana
379 1632 511 1675 dorso
533 1634 726 1675 convexa
752 1634 1042 1689 obtusangula
1075 1640 1134 1682 26.
1158 1633 1305 1677 Rottb.
1339 1636 1395 1677 Ic.
1432 1635 1519 1677 tab.
1552 1636 1623 1686 15,
1663 1635 1737 1690 fig.
1781 1636 1804 1678 ‘1

97 1693 300 1752 (spiculae
326 1691 454 1734 nimis
482 1691 743 1747 diminutae).
772 1717 827 1723 -
856 1692 899 1736 C.
934 1692 1250 1746 proteinolepis
1281 1692 1431 1736 Steud.
1474 1694 1617 1738 Glum.
1657 1694 1710 1745 ΙΙ,
1744 1697 1806 1737 15.

100 1777 154 1785 -
182 1752 224 1796 C.
250 1749 461 1793 Aucherii
485 1750 614 1793 Jaub.
644 1754 687 1793 et
713 1751 785 1807 Sp.
812 1752 878 1795 Ill.
898 1751 975 1795 Or.
1003 1752 1057 1806 ΙΙ,
1086 1753 1167 1795 tab.
1197 1754 1291 1795 101.
1317 1777 1365 1784 -—
1386 1752 1428 1796 C.
1452 1764 1654 1806 pungens
1674 1753 1806 1798 Bock.

99 1813 229 1855 Linn.
261 1811 332 1863 35,
359 1822 402 1864 p.
425 1810 525 1852 527.
552 1834 603 1841 —
628 1809 674 1853 C.
698 1810 1034 1855 macrorrhizus
1058 1811 1184 1856 Nees.

147 1887 256 1924 Hab.
276 1886 317 1921 in
337 1885 515 1922 arenosis
533 1885 743 1922 maritimis
763 1888 801 1923 et
818 1886 1077 1931 desertorum,
1102 1888 1286 1934 Egyptus
1302 1888 1464 1924 inferior
1490 1888 1632 1932 (Auch.
1660 1887 1806 1933 27941),

97 1935 152 1973 ad
169 1933 353 1970 Ismailia
373 1935 411 1969 et
426 1933 631 1969 Rosettam
649 1933 861 1978 (Schweifl
883 1934 972 1970 Ball
986 1937 1010 1979 l)
1029 1935 1078 1970 ad
1105 1945 1212 1970 mare
1230 1934 1411 1971 Rubrum
1437 1935 1527 1981 (Fig
1542 1938 1582 1981 l),
1610 1935 1811 1972 Palestina

96 1981 291 2019 australis
323 1980 373 2015 ad
397 1979 506 2016 Gaza
541 1980 669 2024 (Bove
697 1983 704 2016 l
708 1991 737 2027 )‚
773 1981 909 2018 Persia
945 1982 1131 2018 australis
1167 1985 1205 2018 et
1234 1992 1401 2029 regnum
1440 1983 1614 2018 Mascate
1652 1983 1810 2019 Arabiae

97 2028 243 2075 (Auch.
271 2027 414 2074 54831),
432 2027 569 2064 Persia
602 2028 734 2064 media
759 2029 809 2065 ad
843 2030 1031 2066 Kaschan
1066 2029 1266 2074 (Bubsel).
1298 2029 1432 2065 Variat
1464 2030 1603 2066 culinis
1640 2030 1814 2077 pumilis,

98 2076 410 2168 §gaggaapetrea
429 2074 480 2110 ad
497 2074 577 2111 Tor
597 2075 782 2123 (Bovel),
801 2077 944 2112 insulae
965 2076 1094 2113 Karek
1121 2080 1159 2113 et
1183 2077 1317 2123 Korgo
1349 2077 1463 2113 smus
1494 2078 1641 2114 Persici
1670 2078 1812 2122 (Auch.

163 2189 195 2244 β
228 2186 410 2240 effusus.
442 2211 499 2219 -
533 2185 719 2242 Spiculae
757 2188 948 2232 minores
988 2190 1150 2244 saepius
1190 2191 1418 2244 pauciores
1450 2194 1492 2232 et
1532 2190 1678 2234 minus
1714 2202 1814 2234 con·

96 2252 248 2302 gestae,
289 2246 389 2290 folia
428 2246 649 2290 interdum
688 2249 899 2292 tenuiora.
950 2248 1031 2292 Vix
1069 2250 1274 2292 varietas.
1300 2274 1355 2282 --
1388 2248 1432 2291 C.
1463 2247 1632 2301 effusus
1668 2250 1813 2292 Rottb.

103 2307 259 2350 Descr.
295 2307 368 2356 22,
397 2306 487 2349 tab.
530 2307 600 2357 12,
646 2306 716 2360 lig.
756 2307 794 2350 8.
824 2332 880 2338 -—
918 2307 958 2351 C.
1002 2307 1216 2350 curvatus
1259 2311 1302 2350 et
1334 2308 1379 2351 C.
1417 2311 1632 2351 arcuatus
1684 2309 1814 2352 Bock.

105 2364 234 2409 Linn.
280 2365 349 2419 35,
376 2378 414 2419 p.
441 2366 541 2408 341.
567 2389 623 2396 -—
641 2364 681 2412 C.
711 2364 909 2417 falcatus
934 2368 1062 2410 Beck.
1094 2367 1117 2408 l.
1141 2368 1207 2410 cit.
1233 2380 1273 2421 p.
1300 2368 1398 2410 546.

156 2439 260 2476 Hab.
279 2439 330 2476 ad
350 2439 486 2476 littora
502 2439 738 2488 AEgyptiaca
758 2442 879 2478 maris
898 2441 1025 2479 Rubri
1040 2452 1162 2489 prope
1184 2442 1348 2478 Kosseir
1362 2442 1634 2488 (Schweinn).

167 2526 195 2564 y
221 2508 461 2549 arenarius
485 2505 650 2549 Cosson
671 2506 798 2563 Expl.
830 2508 922 2562 Alg.
948 2521 986 2562 p.
1007 2509 1108 2552 245.
1131 2532 1189 2541 ——
1206 2507 1367 2552 Laxius
1393 2509 1653 2562 cespitosuS,
1679 2507 1820 2551 rhizo-

104 2569 222 2609 mate
258 2565 408 2619 gracili
450 2566 661 2618 elongato,
703 2567 851 2610 caules
890 2567 1076 2611 humiles
1116 2568 1354 2621 tenuiores,
1398 2567 1574 2622 spiculae
1628 2566 1822 2610 breviter

107 2627 248 2668 ovatae
275 2623 319 2666 in
340 2624 578 2676 capitulum
601 2624 828 2678 globosum
852 2626 997 2669 minus
1023 2626 1158 2670 dense
1179 2631 1406 2680 congestae.
1435 2649 1493 2658 —
1515 2625 1554 2669 C.
1584 2625 1822 2668 arenarius

107 2681 218 2727 Retz
239 2681 343 2726 Obs.
366 2684 408 2736 4,
431 2696 474 2738 p.
500 2684 540 2726 9.
566 2707 619 2714 —
648 2683 690 2728 C.
717 2683 925 2727 Persicus
948 2686 1090 2729 Boiss.
1115 2686 1269 2739 Diagn.
1294 2685 1389 2728 Ser.
1416 2685 1449 2736 Ι,
1474 2685 1591 2737 XIII,
1622 2698 1663 2739 p.
1689 2686 1760 2727 39.

156 2757 260 2797 Hab.
281 2758 323 2793 in
343 2760 521 2795 arenosis
542 2760 753 2796 maritimis
779 2760 924 2796 Persiae
943 2761 1131 2797 australis
1150 2761 1201 2796 ad
1221 2760 1395 2797 Abuchir
1413 2760 1591 2806 (Haussk
1605 2762 1644 2807 l),
1667 2761 1816 2796 insula·

115 2814 205 2842 tum
223 2804 380 2842 Karrak
397 2809 435 2842 et
450 2806 583 2853 Korgo
603 2806 695 2854 (Ky.
709 2807 734 2844 5
751 2811 788 2844 et
804 2806 903 2854 211),
925 2807 1164 2844 Belutschiae
1185 2807 1346 2853 (Stocks
1363 2810 1403 2853 l).

159 2867 456 2916 Species,va1de
474 2870 680 2907 variabilis
702 2871 814 2917 quus
833 2871 972 2908 formae
991 2873 1115 2908 altera
1132 2873 1171 2907 in
1192 2872 1357 2908 alteram
1373 2871 1579 2907 manifeste
1595 2873 1813 2907 transeunt.

113 2932 236 3018 ‘nard
248 2931 382 2980 (ieeur.
401 2933 535 2970 Nubia
558 2935 597 2970 et
624 2934 851 2981 Abyssinia,
880 2935 1102 2982 senegalia,
1135 2936 1282 2972 Arabia
1316 2936 1477 2983 tropica,
1515 2934 1828 2981 Madagascariav

1640 3047 1687 3084 24
