2062 3314
232 258 306 296 652
927 264 1153 291 GRAMmEAE
1739 253 1927 294 Bromus.

298 342 366 383 28.
401 340 457 384 Β.
484 337 883 384 brizaeformis
914 338 980 387 (F.
1005 342 1047 380 et
1075 337 1128 380 M.
1152 337 1243 380 lnd.
1270 335 1331 379 ΠΙ
1355 337 1530 390 Petrop.
1557 350 1595 390 p.
1628 338 1703 392 30)
1747 352 1934 389 annuus,

228 401 376 443 culmo
404 400 515 440 elato
541 398 687 452 gracili
711 398 877 450 glabro,
896 398 1008 441 foliis
1029 396 1270 439 linearibus
1294 396 1550 449 vaginisque
1577 396 1932 451 pubescentibus,

236 459 448 514 paniculae
476 458 580 499 laxae
606 457 817 511 simplicis
854 457 1050 500 nutantis
1087 455 1290 498 secundae
1327 455 1506 508 spiculis
1536 455 1682 509 paucis
1711 456 1934 509 pedicellis

235 517 508 561 tenuissimis
537 515 791 558 nutantibus
829 516 1084 569 aeqnilongis
1118 516 1184 556 vel
1215 513 1571 567 sublongioribus
1601 515 1794 557 suffultis
1821 528 1934 559 com-

236 577 406 631 pressis
434 577 519 618 late
545 575 740 627 oblongis
767 574 1025 617 imbricatim
1056 575 1104 615 10
1126 572 1321 616 QO-ssoris
1340 573 1503 625 glabris
1544 574 1778 616 fructiferis
1806 576 1936 630 turgi-

237 637 320 681 dis.
378 635 535 686 glumis
590 633 758 677 obtusis
812 633 1006 676 inferiori
1055 632 1413 685 oblongo-lineari
1463 633 1695 685 superiore
1750 634 1935 686 oblonga

235 694 532 746 sublongiore,
575 693 781 746 glumella
816 691 1229 745 oblongo-rhombea
1260 691 1388 733 dorso
1427 694 1619 734 convexa
1653 693 1935 745 acutiuscula,

234 754 371 795 arista
410 752 708 795 subterminali
760 752 1020 794 brevissima
1055 749 1382 794 inucroniformi
1418 751 1484 793 vel
1531 750 1725 793 obsoleta
1761 756 1830 802 Θ.
1878 752 1934 800 Ic,

237 813 284 853 F.
310 817 350 854 et
385 811 433 852 M.
464 813 575 853 Sert.
604 811 776 866 Petrop.
805 811 889 853 tab.
921 812 989 853 10.
1016 833 1071 841 —-
1095 809 1146 851 B.
1181 819 1452 864 squar-rosus
1493 809 1684 851 mutiens
1721 809 1764 852 C.
1800 811 1852 853 A.
1883 811 1934 855 Μ.

237 870 332 913 Ind.
358 871 482 913 Cauc.
516 884 553 924 p.
577 871 646 912 21.

287 955 385 990 Hah.
408 954 448 989 in
467 953 703 1000 graminosis
729 953 928 989 umbrosis
941 952 1124 998 Georgiae
1146 952 1368 988 Caucasicae
1386 951 1436 987 ad
1457 951 1658 988 Schuscha
1673 955 1710 988 et
1729 953 1768 988 in
1788 954 1936 992 ditione

238 1002 413 1047 Talysch
434 1012 554 1048 prope
575 1001 711 1035 Swant
731 1001 790 1044 (C.
816 1002 862 1036 A.
881 1001 946 1036 Ml
967 1000 1105 1046 Hohl),
1126 1000 1168 1035 in
1186 1000 1281 1046 jugo
1304 999 1446 1035 Elbrus
1467 1000 1611 1035 Persiae
1635 1000 1809 1037 borealis
1839 1002 1937 1038 inter

237 1047 407 1086 Kiutscn
427 1051 464 1085 et
483 1047 675 1084 Kudchur
695 1047 891 1093 (Buhsel).

288 1123 424 1159 Facies
444 1121 580 1158 Brizae
601 1122 805 1158 maximoe.
826 1119 1135 1168 Sesquipedalis,
1154 1119 1316 1166 spiculae
1344 1120 1432 1156 9-13
1456 1119 1583 1155 tineas
1609 1120 1739 1167 longae
1768 1122 1790 1157 4
1819 1122 1933 1167 latae;

238 1171 291 1206 ab
310 1171 416 1205 affini
435 1169 713 1217 B.squarr0so
741 1168 871 1204 differt
899 1168 1063 1215 spiculis
1092 1168 1315 1203 multissoris
1344 1168 1504 1203 demum
1538 1168 1717 1214 turgidis,
1748 1170 1936 1213 glumella

235 1219 291 1255 oh
314 1217 507 1263 angulum
532 1216 790 1262 marginalem
811 1216 1045 1263 productum
1078 1215 1271 1251 rhombea
1296 1215 1404 1262 apice
1434 1213 1662 1261 subintegra
1694 1217 1841 1253 mutio-a
1873 1218 1933 1254 vel

235 1264 470 1303 xnucronulo
489 1263 771 1300 subterminali
784 1264 988 1299 instructa.

301 1403 361 1444 ⁶29v
396 1402 447 1442 Β.
472 1399 927 1454 macrostachys
949 1399 1088 1454 (Desf.
1117 1398 1201 1442 Atl.
1226 1399 1258 1446 Ι,
1276 1400 1344 1448 96,
1369 1398 1452 1441 tab.
1482 1400 1551 1452 19,
1577 1400 1645 1453 fig.
1676 1398 1723 1457 2)
1750 1414 1936 1453 annuus,

233 1462 393 1504 culmis
423 1461 580 1504 erectis
610 1460 735 1503 elatis
765 1460 943 1513 glabris.
972 1459 1084 1502 foliis
1119 1458 1356 1502 linearibus
1398 1471 1495 1501 cum
1537 1460 1703 1512 vaginis
1746 1461 1936 1505 molliter

239 1520 602 1575 pubescentibus,
632 1519 762 1572 ligula
787 1518 907 1562 brevi
945 1519 1101 1570 lacera,
1128 1518 1337 1572 panicutae
1373 1522 1529 1560 erectae
1563 1518 1727 1561 strictae
1766 1520 1933 1563 lanceo-

241 1580 337 1621 latae
405 1582 635 1622 contractae
693 1577 993 1631 subsimplicis
1048 1577 1179 1620 ramis
1242 1576 1405 1619 strictis
1467 1577 1672 1620 omnibns
1730 1579 1933 1622 brevissi-

236 1639 319 1680 mis
358 1640 420 1682 vel
470 1637 750 1681 inferioribus
788 1637 1085 1689 longiusculisz.
1118 1636 1296 1690 spiculis
1323 1636 1486 1689 glabris
1518 1637 1583 1678 vel
1623 1636 1936 1689 glabrescenti-

237 1693 321 1740 bus
345 1698 512 1752 magnis
537 1697 786 1740 lanceolatis
819 1696 1115 1740 teretiusculis
1152 1695 1436 1744 tO-tss-ssoris,
1465 1696 1624 1749 glnmis
1648 1697 1936 1750 inaeqnalibus

232 1757 696 1810 oblongo-lanceolatis
730 1755 1043 1799 obtusinsculis
1080 1754 1267 1806 mutis-ie,
1295 1755 1500 1807 gtumelta
1541 1755 1935 1810 oblongo-elliptioa

234 1817 321 1858 sub
346 1817 464 1870 apice
491 1817 615 1869 longe
637 1815 846 1869 producto
862 1815 908 1857 in
931 1814 1048 1857 lobes
1072 1814 1331 1857 lanceolatos
1355 1814 1558 1867 bipartito
1586 1815 1777 1862 aristata,
1801 1815 1936 1859 arista

235 1876 443 1928 gtnrnella
472 1875 754 1928 sublongiore
794 1873 1229 1927 divaricato-patente
1270 1873 1443 1915 demum
1482 1874 1762 1917 subcentorta
1796 1879 1859 1925 Θ.
1891 1874 1935 1917 Β.

235 1933 502 1976 lanceolatas
526 1933 638 1978 Roth
659 1933 748 1979 Cat..
774 1935 813 1980 2.
840 1946 881 1986 p.
905 1933 973 1986 13,
1001 1932 1115 1986 Bory
1143 1931 1247 1986 Exp.
1272 1930 1378 1974 Mor.
1407 1936 1436 1975 t.
1470 1933 1514 1974 4.
1544 1955 1601 1963 —
1628 1933 1678 1976 B.
1714 1933 1937 1975 divarica-

233 1996 311 2035 tus
332 1993 480 2036 Robde
510 1993 551 2035 in
580 1992 631 2035 D.
657 1991 700 2034 C.
727 1992 787 2039 Fl,
810 1992 881 2035 Fr.

287 2076 388 2111 Hah.
409 2077 448 2112 in
473 2075 710 2118 graminosis
726 2074 858 2111 Rhodi
871 2075 985 2119 (Post
996 2073 1307 2120 t),1{urdistania
1329 2074 1486 2111 Persica
1502 2075 1552 2111 ad
1567 2076 1717 2112 radices
1739 2076 1801 2112 Pir
1817 2076 1937 2114 Ornat

234 2123 406 2159 Gudrun
433 2123 613 2167 (Haussk
630 2124 668 2167 !).

297 2198 339 2251 β.
356 2196 947 2249 Ιαιιαρὶηοεα3.-Ρ3ηῑοιιίει
972 2194 1198 2238 sublaxior
1222 2195 1354 2238 ramis
1381 2195 1661 2240 inferioribus
1690 2197 1937 2252 sublongio-

230 2256 374 2308 ribus.
401 2256 580 2312 spiculae
607 2256 884 2309 lanuginosae.
913 2279 967 2286 -
999 2255 1043 2297 Β.
1069 2254 1363 2303 lanuqinosus
1385 2255 1497 2298 Poir.
1532 2256 1699 2310 Encycl.
1723 2256 1876 2312 Suppl.
1901 2256 1936 2310 1,

235 2315 336 2361 703.
361 2340 408 2346 -
433 2316 479 2357 B.
506 2314 764 2368 oxyplzloeus
800 2315 944 2368 Payne
969 2314 1128 2357 Palest.
1156 2314 1278 2367 Expl.
1300 2313 1405 2368 Rep.
1433 2315 1560 2369 1874,
1586 2328 1627 2370 p.
1661 2316 1756 2358 128!

286 2399 386 2434 Hah.
410 2399 447 2434 in
473 2399 622 2435 ditione
640 2399 769 2434 forma
790 2398 1050 2440 alabrescenti
1071 2397 1196 2433 multo
1217 2397 1429 2443 vulgatior,
1452 2398 1579 2434 Attica
1596 2398 1789 2444 (Heldrl),
1809 2400 1935 2437 Mace·

233 2447 358 2482 donia
379 2449 417 2482 et
441 2447 611 2482 Thracia
628 2446 839 2490 (Grisebl).
865 2445 1055 2490 Bithynia
1073 2444 1253 2488 (pienti),
1282 2445 1421 2481 Cilicia
1445 2445 1535 2489 (Bal
1552 2448 1589 2490 l),
1613 2446 1729 2491 Syria
1754 2447 1934 2483 littoralis

231 2494 340 2538 ((ΒΗ)
359 2498 395 2528 et
418 2495 580 2529 interior
598 2493 648 2529 ad
670 2494 910 2529 Damascum
937 2492 1105 2537 (Gaillt)
1132 2494 1170 2527 et
1205 2492 1358 2538 Aleppo
1393 2493 1525 2539 (Kvt),
1556 2493 1756 2529 Palestina
1783 2495 1933 2538 (Boissl

236 2540 374 2586 Payne
387 2543 425 2583 l).
445 2541 623 2588 Egyptus
642 2541 803 2577 inferior
831 2540 941 2585 (Ehr.
958 2540 1101 2585 Asch.),
1120 2539 1342 2585 Babylonia
1363 2539 1545 2583 (Haussk
1557 2542 1594 2586 l),
1615 2540 1934 2578 Transcaucasiae

233 2588 337 2624 ditio
355 2588 530 2633 Talysch
549 2587 661 2632 (Hoh
678 2589 718 2633 l).

298 2680 338 2718 y.
365 2659 644 2701 triaristatas
683 2659 839 2702 Hackel
871 2657 997 2701 Flora
1044 2658 1166 2703 1879.
1196 2679 1252 2689 —
1289 2656 1430 2701 Culmi
1466 2660 1627 2713 saepius
1661 2660 1934 2710 humiliores,

236 2720 439 2774 panicula
468 2718 648 2771 spiculis
682 2717 1082 2771 1-5·appr0ximatis
1101 2716 1382 2759 inferioribus
1411 2717 1630 2770 pedicellis
1646 2719 1809 2761 strictis
1838 2720 1934 2763 bre-

236 2778 433 2823 vissimis
453 2776 646 2820 suffultis
669 2777 838 2820 caeteris
865 2777 1096 2820 sessilibus
1122 2780 1337 2824 constans
1362 2777 1563 2830 glumella
1589 2777 1756 2821 flosculi
1798 2778 1934 2822 infimi

234 2838 305 2879 vel
335 2837 615 2879 flosculorum
652 2835 907 2878 inferiorum
950 2835 1128 2889 spiculae
1158 2835 1267 2876 utin
1295 2838 1395 2888 typo
1429 2836 1700 2884 uniaristata.
1735 2837 1935 2880 flosculo-

242 2909 340 2939 rum
383 2895 660 2949 superiorum
691 2898 834 2936 autem
871 2895 968 2947 plus
1001 2895 1144 2936 minus
1182 2893 1441 2946 regulariter
1467 2895 1576 2937 infra
1617 2895 1781 2949 apicem
1810 2900 1933 2939 acute

236 2954 493 3008 bipartitum
524 2954 760 2997 triaristata
801 2953 947 2996 aristis
977 2954 1232 3006 plerumque
1270 2953 1406 3006 nigris
1443 2954 1701 2996 intermedia
1726 2955 1934 2997 validiore

238 3017 418 3068 patente
447 3014 512 3054 vel
544 3012 780 3055 divaricata
806 3012 1013 3065 glumella
1039 3011 1247 3064 longiore.
1289 3036 1338 3042 —
1367 3011 1416 3053 B.
1444 3012 1708 3055 Danttzonioe
1737 3014 1858 3057 Trin.
1889 3015 1932 3056 in
